@patent{buchi1905patent,
  author={Alfred B{\"u}chi},
  title={Verbrennungskraftmaschinenanlage},
  year = {1905},
  number = {Nº204630},
  location = {Kaiserliche Patentamt},
  url = {https://depatisnet.dpma.de/DepatisNet/depatisnet?action=pdf&docid=DE000000204630A}
}

@patent{daimler1885patent,
  author={Gottlieb Daimler},
  title={Gas- bezw. Petroleum-Kraftmaschine},
  year = {1885},
  number = {Nº34926},
  location = {Kaiserliche Patentamt},
  url = {https://depatisnet.dpma.de/DepatisNet/depatisnet?action=pdf&docid=DE00000034926A}
}


@patent{renault1902patent,
  author = {Louis Renault},
  title = {Perfectionnements aux moteurs à quatre temps},
  year = {1902},
  location = {Office National de la Propiété Industrielle},
  number = {Nº327452},
  url = {http://bases-brevets.inpi.fr/en/document-en/FR327452/publications.html},
}

@inproceedings{sundstrom2015centrifugal,
  title={Centrifugal compressor: The sound of surge},
  author={Sundstr{\"o}m, Elias and Semlitsch, Bernhard and Mihaescu, Mihai},
  booktitle={21st AIAA/CEAS Aeroacoustics Conference},
  year={2015},
  publiser = {American Institute of Aeronautics and Astronautics},
  doi = {10.2514/6.2015-2674 }
}

@inproceedings{Wolff2009PU, 
  author="Oliver Wolff and Emiel Tijs and Hans-Elias de Bree",  
  journal="",  
  publisher="SAE International",  
  title="A PU Probe Array Based Panel Noise Contribution Analysis   Whilst Driving",  
  booktitle="SAE Technical Paper", 
  year="2009",   
  volume="",  
  pages="",  
  number="",  
  doi="10.4271/2009-01-2123"  
} 

@article{jacobsen2005comp,
  title={A comparison of two different sound intensity measurement principles },
  author={Jacobsen, Finn and de Bree, Hans-Elias},
  journal={The Journal of the Acoustical Society of America},
  volume={118},
  number={3},
  pages={1510--1517},
  year={2005},
  publisher={Acoustical Society of America},
  doi={10.1121/1.1984860}
}

@article{debree1992micro,
  title = "The {$\mu$}-flown: a novel device for measuring acoustic flows",
  journal = "Sensors and Actuators A: Physical",
  volume = "54",
  number = "1",
  pages = "552 - 557",
  year = "1996",
  issn = "0924-4247",
  doi = "10.1016/S0924-4247(97)80013-1",
  author = "Hans-Elias de Bree and Peter Leussink and Twan Korthorst and Henri Jansen and Theo S.J Lammerink and Miko Elwenspoek"
}

@article{elliot1981errors,
  title = "Errors in acoustic intensity measurements",
  journal = "Journal of Sound and Vibration",
  volume = "78",
  number = "3",
  pages = "439 - 443",
  year = "1981",
  issn = "0022-460X",
  doi = "10.1016/S0022-460X(81)80150-2",
  author = "S.J. Elliott"
}

@article{jacobsen1989active,
  title = "Active and reactive, coherent and incoherent sound fields",
  journal = "Journal of Sound and Vibration",
  volume = "130",
  number = "3",
  pages = "493 - 507",
  year = "1989",
  issn = "0022-460X",
  doi = "10.1016/0022-460X(89)90072-2",
  author = "F. Jacobsen"
}

@article{kalpakli2013turbulent,
  title = "Turbulent pipe flow downstream a 90\textsuperscript{o} pipe bend with and without superimposed swirl ",
  journal = "International Journal of Heat and Fluid Flow ",
  volume = "41",
  number = "",
  pages = "103 - 111",
  year = "2013",
  issn = "0142-727X",
  doi = "10.1016/j.ijheatfluidflow.2013.01.003",
  author={Vester, Athanasia Kalpakli and {\"O}rl{\"u}, Ramis},
}


@article{ohuchida2013internal,
  title={Internal Flow Measurements of Turbomachinery using PIV},
  author={Ohuchida, Satoshi and Tamaki, Hideaki and Kawakubo Tomoki and Yamada, Kiwamu and Maruyama, Masakazu},
  journal = {IHI Engineering Review},
  volume={46},
  number={1},
  pages={22--28},
  year={2013},
  publisher={IHI Corporation},
  url = {https://www.researchgate.net/publication/284899382_Internal_Flow_Measurements_of_Turbomachinery_using_PIV}
}

@article{gancedo2016piv,
  title={PIV measurements of the flow at the inlet of a turbocharger centrifugal compressor with recirculation casing treatment near the inducer},
  author={Gancedo, Matthieu and Gutmark, Ephraim and Guillou, Erwann},
  journal={Experiments in Fluids},
  volume={57},
  number={2},
  pages={1--19},
  year={2016},
  publisher={Springer},
  doi={10.1007/s00348-015-2105-5}
}

@article{kalpakli2015combined,
  title={Combined hot-wire and PIV measurements of a swirling turbulent flow at the exit of a 90\textsuperscript{o} pipe bend},
  author={Vester, Athanasia Kalpakli and Sattarzadeh, Sohrab S and {\"O}rl{\"u}, Ramis},
  journal={Journal of Visualization},
  pages={1--13},
  year={2015},
  publisher={Springer},
  doi={10.1007/s12650-015-0310-1}
}

@article{liu2006application,
  title={Application of SPIV in turbomachinery},
  author={Liu, Baojie and Yu, Xianjun and Liu, Huoxing and Jiang, Haokang and Yuan, Huijing and Xu, Yueting},
  journal={Experiments in fluids},
  volume={40},
  number={4},
  pages={621--642},
  year={2006},
  publisher={Springer},
  doi={10.1007/s00348-005-0102-9}
}

@article{byskov2003flow2,
  title={Flow in a centrifugal pump impeller at design and off-design conditions-part II: large eddy simulations},
  author={Byskov, Rikke K and Jacobsen, Christian B and Pedersen, Nicholas},
  journal={Journal of Fluids Engineering},
  volume={125},
  number={1},
  pages={73--83},
  year={2003},
  publisher={American Society of Mechanical Engineers},
  doi={10.1115/1.1524586}
}

@article{pedersen2003flow,
  title={Flow in a centrifugal pump impeller at design and off-design conditions-part I: particle image velocimetry (PIV) and laser Doppler velocimetry (LDV) measurements},
  author={Pedersen, Nicholas and Larsen, Poul S and Jacobsen, Christian B},
  journal={Journal of Fluids Engineering},
  volume={125},
  number={1},
  pages={61--72},
  year={2003},
  publisher={American Society of Mechanical Engineers},
  doi={10.1115/1.1524585}
}

@article{voges2007application,
  title={Application of particle image velocimetry to a transonic centrifugal compressor},
  author={Voges, Melanie and Beversdorff, Manfred and Willert, Chris and Krain, Hartmut},
  journal={Experiments in Fluids},
  volume={43},
  number={2-3},
  pages={371--384},
  year={2007},
  publisher={Springer},
  doi={10.1007/s00348-007-0279-1}
}

@article{wu2011piv,
  title={PIV measurement on internal instantaneous flows of a centrifugal pump},
  author={Wu, YuLin and Liu, ShuHong and Yuan, HuiJing and Shao, Jie},
  journal={Science China Technological Sciences},
  volume={54},
  number={2},
  pages={270--276},
  year={2011},
  publisher={Springer},
  doi={10.1007/s11431-010-4262-3}
}

@article{wernet2000development,
  title={Development of digital particle imaging velocimetry for use in turbomachinery},
  author={Wernet, MP},
  journal={Experiments in Fluids},
  volume={28},
  number={2},
  pages={97--115},
  year={2000},
  publisher={Springer},
  doi={10.1007/s003480050015}
}

@article{wernet2001investigation,
  title={An investigation of surge in a high-speed centrifugal compressor using digital PIV},
  author={Wernet, Mark P and Bright, Michelle M and Skoch, Gary J},
  journal={Journal of turbomachinery},
  volume={123},
  number={2},
  pages={418--428},
  year={2001},
  publisher={American Society of Mechanical Engineers},
  doi={10.1115/1.1343465}
}

@article{wernet2000application,
  title={Application of DPIV to study both steady state and transient turbomachinery flows},
  author={Wernet, Mark P},
  journal={Optics \& Laser Technology},
  volume={32},
  number={7},
  pages={497--525},
  year={2000},
  publisher={Elsevier},
  doi={10.1016/S0030-3992(00)00090-6}
}

@article{vester2016combined,
  title={Combined hot-wire and PIV measurements of a swirling turbulent flow at the exit of a 90\textsuperscript{o} pipe bend},
  author={Vester, Athanasia Kalpakli and Sattarzadeh, Sohrab S and {\"O}rl{\"u}, Ramis},
  journal={Journal of Visualization},
  volume={19},
  number={2},
  pages={261--273},
  year={2016},
  publisher={Springer},
  doi={10.1007/s12650-015-0310-1}
}

@article{fike2014visualisation,
  title={Visualisation of rotating stall in an axial flow fan},
  author={Fike, Matej and Bombek, Gorazd and Hriber{\v{s}}ek, Matja{\v{z}} and Hribernik, Ale{\v{s}}},
  journal={Experimental Thermal and Fluid Science},
  volume={53},
  pages={269--276},
  year={2014},
  publisher={Elsevier},
  doi={10.1016/j.expthermflusci.2013.12.020}
}

@article{oro2009forced,
  title={Forced and unforced unsteadiness in an axial turbomachine},
  author={Oro, Jes{\'u}s Manuel Fern{\'a}ndez and Marigorta, Eduardo Blanco and D{\'i}az, Katia Mar{\'i}a Arg{\"u}elles and Ballesteros-Tajadura, Rafael},
  journal={Experimental Thermal and Fluid Science},
  volume={33},
  number={3},
  pages={449--459},
  year={2009},
  publisher={Elsevier},
  doi={10.1016/j.expthermflusci.2008.10.012}
}

@article{dazin2011high,
  title={High-speed stereoscopic PIV study of rotating instabilities in a radial vaneless diffuser},
  author={Dazin, Antoine and Cavazzini, G and Pavesi, G and Dupont, Patrick and Coudert, S{\'e}bastien and Ardizzon, G and Caignaert, Guy and Bois, G{\'e}rard},
  journal={Experiments in fluids},
  volume={51},
  number={1},
  pages={83--93},
  year={2011},
  publisher={Springer},
  doi={10.1007/s00348-010-1030-x}
}

@article{cukurel2010particle,
  title={Particle image velocity investigation of a high speed centrifugal compressor diffuser: spanwise and loading variations},
  author={Cukurel, Beni and Lawless, Patrick B and Fleeter, Sanford},
  journal={Journal of Turbomachinery},
  volume={132},
  number={2},
  pages={021010},
  year={2010},
  publisher={American Society of Mechanical Engineers},
  doi={10.1115/1.3104616}
}

@article{fink1992surge,
  title={Surge Dynamics in a Free-Spool Centrifugal Compressor System},
  author={Fink, DA and Cumpsty, NA and Greitzer, EM},
  journal={Journal of Turbomachinery},
  volume={114},
  number={2},
  pages={321--332},
  year={1992},
  publisher={American Society of Mechanical Engineers},
  doi={10.1115/1.2929146}
}

@article{bullock1946exp,
  title={Experimental and theoretical studies of surging in continuous-flow compressors},
  author={Bullock, Robert O and Wilcox, Ward W and Moses, Jason J},
  year={1946},
  number={NACA Technical Report 861},
  publisher={National Advisory Committee for Aeronautics},
  url={http://ntrs.nasa.gov/search.jsp?R=19930091933}
}

@article{kim2001influence,
  title={The influence of inlet flow distortion on the performance of a centrifugal compressor and the development of an improved inlet using numerical simulations},
  author={Kim, Yunbae and Engeda, Abraham and Aungier, Ron and Direnzi, Greg},
  journal={Proceedings of the Institution of Mechanical Engineers, Part A: Journal of Power and Energy},
  volume={215},
  number={3},
  pages={323--338},
  year={2001},
  publisher={SAGE Publications},
  doi={10.1243/0957650011538550}
}

@ARTICLE{desantes2001,
  author  = {Desantes, J. M. and Torregrosa, A. J. and Broatch, A.},
  title   = {Experiments on flow noise generation in simple exhaust geometries},
  journal = {Acta Acustica united with Acustica},
  volume  = {87},
  number  ={1},
  pages = {46-55},
  year  = {2001},
  url = {http://www.ingentaconnect.com/content/dav/aaua/2001/00000087/00000001/art00007}
}

@article{koff1986axisymmetrically,
  title={Axisymmetrically stalled flow performance for multistage axial compressors},
  author={Koff, SG and Greitzer, EM},
  journal={Journal of Turbomachinery},
  volume={108},
  number={2},
  pages={216--223},
  year={1986},
  publisher={American Society of Mechanical Engineers},
  doi = {10.1115/1.3262040}
}

@article{torregrosa2016experimental,
  keywords = {MyOwn},
  title={Experimental methodology for turbocompressor in-duct noise evaluation based on beamforming wave decomposition},
  author={Torregrosa, Antonio J and Broatch, Alberto and Margot, Xandra and Garc{\'i}a-T{\'i}scar, Jorge},
  journal={Journal of Sound and Vibration},
  volume = "376",
  number = "",
  pages = "60--71",
  year = "2016",
  publisher={Elsevier},
  DOI = {10.1016/j.jsv.2016.04.035}
}

@article{broatch2016numerical,
  keywords = {MyOwn},
  title={Numerical and experimental analysis of automotive turbocharger compressor aeroacoustics at different operating conditions},
  author={Broatch, Alberto and Galindo, Jos{\'e} and Navarro, Roberto and Garc{\'i}a-T{\'i}scar, Jorge},
  journal={International Journal of Heat and Fluid Flow },
  publisher={Elsevier},
  year = {In Press},
  DOI = {10.1016/j.ijheatfluidflow.2016.04.003}
}

@article{andersen2009surge,
  title={Surge definitions for radial compressors in automotive turbochargers},
  author={Andersen, Johannes and Lindstr{\"o}m, Fredrik and Westin, Fredrik},
  journal={SAE International Journal of Engines},
  volume={1},
  number={1},
  pages={218--231},
  year={2009},
  publisher={SAE International},
  doi = {10.4271/2008-01-0296}
}

@article{wang2013cha,
  title={The change of the inlet geometry of a centrifugal compressor stage and its influence on the compressor performance},
  author={Wang, Leilei and Yang, Ce and Zhao, Ben and Lao, Dazhong and Ma, Chaochen and Li, Du},
  journal={Journal of Thermal Science},
  volume={22},
  number={3},
  pages={197--208},
  year={2013},
  publisher={Springer},
  doi = {10.1007/s11630-013-0613-2}
}

@techreport{Bullock1946Experimental,
  title={Experimental and theoretical studies of surging in continuous-flow compressors},
  author={Bullock, Robert O and Wilcox, Ward W and Moses, Jason J},
  year={1946},
  institution = {NACA},
  url = {National Advisory Committee for Aeronautics}
}

@article{miskiewicz1999psychoacoustics,
  author = {Mi\'{s}kiewicz, Andrzej and Letowski, Tomasz},
  title = {Psychoacoustics in the Automotive Industry},
  journal = {Acta Acustica united with Acustica},
  volume = {85},
  number = {5},
  year = {1999},
  pages = {646--649},
  url = {http://www.ingentaconnect.com/content/dav/aaua/1999/00000085/00000005/art00019}
}

@article{hansen1981experimental,
  title={Experimental and theoretical study of surge in a small centrifugal compressor},
  author={Hansen, KE and Jorgensen, P and Larsen, PS},
  journal={Journal of Fluids Engineering},
  volume={103},
  number={3},
  pages={391--395},
  year={1981},
  publisher={American Society of Mechanical Engineers},
  doi = {10.1115/1.3240796}
}

@article{greitzer1976surge,
  title={Surge and rotating stall in axial flow compressors—Part I: Theoretical compression system model},
  author={Greitzer, Edward M},
  journal={Journal of Engineering for Power},
  volume={98},
  number={2},
  pages={190--198},
  year={1976},
  publisher={American Society of Mechanical Engineers},
  doi={10.1115/1.3446138}
}

@article{hawthorne1957aerodynamic,
  title={Some aerodynamic problems of aircraft engines},
  author={Hawthorne, William Rede},
  journal={Journal of the Aeronautical Sciences},
  volume={24},
  number={10},
  pages={713--730},
  year={1957},
  doi = {10.2514/8.3954},
  publisher={Institute of the Aeronautical Sciences}
}

@book{stodola1927steam,
  title={Steam and gas turbines: with a supplement on the prospects of the thermal prime mover},
  author={Stodola, A. and Loewenstein, L.C.},
  lccn={27016908},
  url={https://books.google.es/books?id=CMuEAAAAIAAJ},
  year={1927},
  publisher={McGraw-Hill}
}

@article{kabral2013ac,
  title={Acoustical methods for investigating turbocharger flow instabilities},
  author={Kabral, Raimo and Rammal, Hans and {\AA}bom, Mats},
  volume={2013-01-1879},
  journal={SAE Technical Paper},
  doi={10.4271/2013-01-1879},
}

@article{hynninen2015determination,
  title = "Determination of in-duct sound power beyond the plane wave range using wall-mounted microphones",
  journal = "Applied Acoustics",
  volume = "99",
  number = "",
  pages = "24 -- 30",
  year = "2015",
  issn = "0003-682X",
  doi = "10.1016/j.apacoust.2015.05.003",
  author = "Antti Hynninen and Mats {\AA}bom",
}

@article{frost1972algorithm, 
  author={Frost, O.L.,}, 
  journal={Proceedings of the IEEE}, 
  title={An algorithm for linearly constrained adaptive array processing}, 
  year={1972}, 
  volume={60}, 
  number={8}, 
  pages={926--935}, 
  doi={10.1109/PROC.1972.8817}, 
  ISSN={0018-9219}
}

@article{williams1969sound,
  title={Sound generation by turbulence and surfaces in arbitrary motion},
  author={Williams, JE Ffowcs and Hawkings, David L},
  journal={Philosophical Transactions of the Royal Society of London A: Mathematical, Physical and Engineering Sciences},
  volume={264},
  number={1151},
  pages={321--342},
  year={1969},
  publisher={The Royal Society},
  doi={10.1098/rsta.1969.0031}
}

@article{delorne2014dynamic,
  author={Yann T Delorme and Anna-Elodie M Kerlo and Kameswararao Anupindi and Mark D Rodefeld and Steven H Frankel},
  title={Dynamic mode decomposition of Fontan hemodynamics in an idealized total cavopulmonary connection},
  journal={Fluid Dynamics Research},
  volume={46},
  number={4},
  pages={041425},
  doi={10.1088/0169-5983/46/4/041425},
  year={2014}
}

@manual{futrzynski2015dymode,
  title={Dymode: A parallel dynamic mode decomposition software},
  author={Futrzynski, Romain and Efraimsson, Gunilla},
  year={2015},
  organization={KTH Royal Institute of Technology},
  isbn = {978-91-7595-386-1},
  url = {http://kth.diva-portal.org/smash/record.jsf?pid=diva2%3A786623}
}

@article{proctor2016dynamic,
  title={Dynamic mode decomposition with control},
  author={Proctor, Joshua L and Brunton, Steven L and Kutz, J Nathan},
  journal={SIAM Journal on Applied Dynamical Systems},
  volume={15},
  number={1},
  pages={142--161},
  year={2016},
  publisher={SIAM},
  doi={10.1137/15M1013857}
}

@article{schmid2010dynamic,
  title={Dynamic mode decomposition of numerical and experimental data},
  author={Schmid, Peter J},
  journal={Journal of Fluid Mechanics},
  volume={656},
  pages={5--28},
  year={2010},
  publisher={Cambridge Univ Press},
  doi={10.1017/S0022112010001217}
}

@inproceedings{sundstrom2014assessment, 
author="Elias Sundstr{\"o}m and Bernhard Semlitsch and Mihai Mihaescu",  
journal="",  
publisher="SAE International",  
title="Assessment of the 3D Flow in a Centrifugal compressor using Steady-State and Unsteady Flow Solvers",  
booktitle="SAE Technical Paper",
year="2014", 
volume="",  
doi="10.4271/2014-01-2856"  
} 

@inproceedings{dahan2014aero,
  title={Aero-acoustic source analysis of landing gear noise via dynamic mode decomposition},
  author={Dahan, Jeremy and Futrzynski, Romain and O'Reilly, Ciar{\'a}n and Efraimsson, Gunilla},
  booktitle={21st International Congress on Sound and Vibration},
  year={2014},
  url= {http://www.iiav.org/icsv21/content/papers/papers/full_paper_221_20140402145649114.pdf}
}

@article{chen2012variants,
  title={Variants of dynamic mode decomposition: boundary condition, Koopman, and Fourier analyses},
  author={Chen, Kevin K and Tu, Jonathan H and Rowley, Clarence W},
  journal={Journal of nonlinear science},
  volume={22},
  number={6},
  pages={887--915},
  year={2012},
  publisher={Springer},
  doi={10.1007/s00332-012-9130-9}
}

@article{bagheri2013koopman,
  title={Koopman-mode decomposition of the cylinder wake},
  author={Bagheri, Shervin},
  journal={Journal of Fluid Mechanics},
  volume={726},
  pages={596--623},
  year={2013},
  publisher={Cambridge Univ Press},
  doi={10.1017/jfm.2013.249}
}

@article{sakowitz2014flow,
  title={Flow decomposition methods applied to the flow in an IC engine manifold},
  author={Sakowitz, Alexander and Mihaescu, Mihai and Fuchs, Laszlo},
  journal={Applied Thermal Engineering},
  volume={65},
  number={1},
  pages={57--65},
  year={2014},
  publisher={Elsevier},
  doi={10.1016/j.applthermaleng.2013.12.082}
}

@article{jovanovic2014sparsity,
  title={Sparsity-promoting dynamic mode decomposition},
  author={Jovanovi{\'c}, Mihailo R and Schmid, Peter J and Nichols, Joseph W},
  journal={Physics of Fluids (1994-present)},
  volume={26},
  number={2},
  pages={024103},
  year={2014},
  publisher={AIP Publishing},
  doi={10.1063/1.4863670}
}

@article{hemati2014dynamic,
  title={Dynamic mode decomposition for large and streaming datasets},
  author={Hemati, Maziar S and Williams, Matthew O and Rowley, Clarence W},
  journal={Physics of Fluids (1994-present)},
  volume={26},
  number={11},
  pages={111701},
  year={2014},
  publisher={AIP Publishing},
  doi={10.1063/1.4901016}
}

@article{rowley2009spectral,
  title={Spectral analysis of nonlinear flows},
  author={Rowley, Clarence W and Mezi{\'c}, Igor and Bagheri, Shervin and Schlatter, Philipp and Henningson, Dan S},
  journal={Journal of fluid mechanics},
  volume={641},
  pages={115--127},
  year={2009},
  publisher={Cambridge Univ Press},
  doi={10.1017/S0022112009992059}
}

@article{schmid2011applications,
  title={Applications of the dynamic mode decomposition},
  author={Schmid, Peter J and Li, L and Juniper, Matthew P and Pust, O},
  journal={Theoretical and Computational Fluid Dynamics},
  volume={25},
  number={1-4},
  pages={249--259},
  year={2011},
  publisher={Springer},
  doi={10.1007/s00162-010-0203-9}
}

@inproceedings{lumley1967structure,
  title={The structure of inhomogeneous turbulent flows},
  author={Lumley, John Leask},
  journal={Atmospheric Turbulence and Radio Wave Propagation -- Proceedings of the International Colloquium},
  pages={166--178},
  year={1967},
  publisher={Nauka, Moscow}
}

@article{aubry1991hidden,
  title={On the hidden beauty of the proper orthogonal decomposition},
  author={Aubry, Nadine},
  journal={Theoretical and Computational Fluid Dynamics},
  volume={2},
  number={5-6},
  pages={339--352},
  year={1991},
  publisher={Springer},
  doi={10.1007/BF00271473}
}

@phdthesis{navarro2014numerical,
  title={A numerical approach for predicting flow-induced acoustics at near-stall conditions in an automotive turbocharger compressor},
  author={Navarro Garc{\'i}a, Roberto},
  year={2014},
  doi={10.4995/Thesis/10251/44114}
}

@article{neise1982acoustic,
  title={Acoustic similarity laws for fans},
  author={Neise, W and Barsikow, B},
  journal={Journal of Engineering for Industry},
  volume={104},
  number={2},
  pages={162--168},
  year={1982},
  doi = {10.1115/1.3185811},
  publisher={American Society of Mechanical Engineers}
}

@incollection{chen2006turboc,
title = "Turbocharger compressor development for diesel passenger car applications",
editor = "Institution of Mechanical Engineers, Combustion Engines \& Fuels Group",
booktitle = "8th International Conference on Turbochargers and Turbocharging",
publisher = "Woodhead Publishing",
year = "2006",
pages = "15 -- 27",
doi = "10.1016/B978-1-84569-174-5.50005-1",
author = "Hua Chen and JunFei Yin"
}

@article{coppinger2000performance,
  title={Performance prediction of an industrial centrifugal compressor inlet guide vane system},
  author={Coppinger, M and Swain, E},
  journal={Proceedings of the Institution of Mechanical Engineers, Part A: Journal of Power and Energy},
  volume={214},
  number={2},
  pages={153--164},
  year={2000},
  publisher={SAGE Publications},
  doi={10.1243/0957650001538254}
}

@article{kyrtatos1980application,
  title={Application of aerodynamically induced prewhirl to a small turbocharger compressor},
  author={Kyrtatos, N and Watson, N},
  journal={Journal of Engineering for Gas Turbines and Power},
  volume={102},
  number={4},
  pages={943--950},
  year={1980},
  doi={10.1115/1.3230365},
  publisher={American Society of Mechanical Engineers}
}

@article{li2012numerical,
  title={Numerical and experimental research on different inlet configurations of high speed centrifugal compressor},
  author={Li, Du and Yang, Ce and Zhou, Mi and Zhu, ZhiFu and Wang, Hang},
  journal={Science China Technological Sciences},
  volume={55},
  number={1},
  pages={174--181},
  year={2012},
  publisher={Springer},
  doi={10.1007/s11431-011-4635-2}
}

@article{engeda2003inlet,
  title={The inlet flow structure of a centrifugal compressor stage and its influence on the compressor performance},
  author={Engeda, Abraham and Kim, Yunbae and Aungier, Ronald and Direnzi, Gregory},
  journal={Journal of fluids engineering},
  volume={125},
  number={5},
  pages={779--785},
  year={2003},
  publisher={American Society of Mechanical Engineers},
  doi={10.1115/1.1601255}
}

@article{wang2013change,
year={2013},
issn={1003-2169},
journal={Journal of Thermal Science},
volume={22},
number={3},
doi={10.1007/s11630-013-0613-2},
title={The change of the inlet geometry of a centrifugal compressor stage and its influence on the compressor performance},
url={http://dx.doi.org/10.1007/s11630-013-0613-2},
publisher={SP Science Press},
keywords={centrifugal compressor; inlet pipe; distortion; main blade; diffuser},
author={Wang, Leilei and Yang, Ce and Zhao, Ben and Lao, Dazhong and Ma, Chaochen and Li, Du},
pages={197-208},
language={English}
}

@article{figurella2014effect,
  title={Effect of inlet vanes on centrifugal compressor acoustics and performance},
  author={Figurella, Neil and Dehmer, Rick and Selamet, Ahmet and Tallio, Kevin and Miazgowicz, Keith and Wade, Robert and Karim, Ahsanul and Keller, Philip and Shutty, John},
  journal={Noise Control Engineering Journal},
  volume={62},
  number={4},
  pages={232--237},
  year={2014},
  publisher={Institute of Noise Control Engineering},
  doi={10.3397/1/376223}
}

@article{kameier1997rotating,
  title={Rotating blade flow instability as a source of noise in axial turbomachines},
  author={Kameier, Frank and Neise, Wolfgang},
  journal={Journal of Sound and Vibration},
  volume={203},
  number={5},
  pages={833--853},
  year={1997},
  publisher={Elsevier},
  doi={10.1006/jsvi.1997.0902}
}

@inproceedings{evans2006reduction,
  title={The reduction of turbocharger whoosh noise},
  author={Evans, Dominic and Ward, Andrew},
  booktitle={Proceedings of the 8 th International Conference on Turbochargers and Turbocharging, London, UK},
  pages={29--42},
  DOI = {10.1016/B978-1-84569-174-5.50006-3},
  year={2006}
}

@inproceedings{pai2013air,
  author = "Pai, Ajith V. and Walsh, Stephen J. and O'Boy, Dan J. and Chen, Rui",
  title = "Air intake system noise in a turbocharged petrol engine during transient operation",
  booktitle = "INTER-NOISE and NOISE-CON Congress and Conference Proceedings",
  year = "2013",
  pages = "3656-3663",
  url = "http://www.ingentaconnect.com/content/ince/incecp/2013/00000247/00000004/art00032"
}

@inproceedings{pai2015turbocharger,
  author = "Pai, Ajith V. and Walsh, Stephen J. and O'Boy, Dan J. and Chen, Rui",
  title = "Turbocharger surge noise measurement and solution using experimental techniques",
  booktitle = "Proceedings of the 22nd International Congress on Sound and Vibration",
  year = "2015",
  pages = "2433-2441",
  url = "http://iiav.org/archives_icsv_last/2015_icsv22/content/papers/papers/full_paper_255_20150313183259397.pdf"
}

@article{kabral2013acoustical,
  title={Acoustical methods for investigating turbocharger flow instabilities},
  author={Kabral, Raimo and Rammal, Hans and Abom, Mats},
  year={2013},
  institution={SAE Technical Paper},
  volume={2013-01-1879},
  journal={SAE Technical Paper},
  doi={10.4271/2013-01-1879}
}

@inproceedings{wolfram2009detection,
author={Wolfram, Daniel
and Carolus, Thomas},
title={Detection and Analysis of Blade Tone Sources at Centrifugal Impellers Without Casing},
booktitle={Aeroacoustics Conferences},
year={2009},
publisher={American Institute of Aeronautics and Astronautics},
doi={10.2514/6.2009-3362},
}

@inproceedings{carolus2000experimental,
  title={Experimental investigation of the unsteady discharge flow field and the noise of a centrifugal fan impeller},
  author={Carolus, Th H and McLaughlin, DK and Basile, R},
  booktitle={The Seventh International Congress on Sound and Vibration Garmisch-Partenkirchen, Germany},
  year={2000},
  url = {https://www.mb.uni-siegen.de/iftsm/forschung/c2000_carolus_etal_icsv.pdf}
}
@article{wolfram2010experimental,
  title={Experimental and numerical investigation of the unsteady flow field and tone generation in an isolated centrifugal fan impeller},
  author={Wolfram, Daniel and Carolus, Thomas H},
  journal={Journal of Sound and Vibration},
  volume={329},
  number={21},
  pages={4380--4397},
  year={2010},
  DOI={10.1016/j.jsv.2010.04.034},
  publisher={Elsevier}
}

@article{nvemec1967noise,
  title={Noise of axial fans and compressors: Study of its radiation and reduction},
  author={N{\v{e}}mec, J},
  journal={Journal of Sound and Vibration},
  volume={6},
  number={2},
  pages={230--236},
  year={1967},
  publisher={Elsevier},
  doi={10.1016/0022-460X(67)90230-1}
}

@article{griffiths1964spectrum,
title = "The spectrum of compressor noise of a jet engine ",
journal = "Journal of Sound and Vibration ",
volume = "1",
number = "2",
pages = "127 - 140",
year = "1964",
note = "",
issn = "0022-460X",
doi = "10.1016/0022-460X(64)90074-4",
author = "J.W.R. Griffiths"
}

@inproceedings{kabral2014inves,
  title={Investigation of flow-acoustic interaction in automotive turbocharger},
  author={Kabral, Raimo and {\AA}bom, Mats},
  booktitle={26th International Conference on Noise and Vibration Engineering, ISMA 2014},
  pages={1327--1331},
  year={2014},
  organization={KU Leuven}
}

@article{broatch2015simulations,
  keywords={MyOwn},
  title={Simulations and measurements of automotive turbocharger compressor whoosh noise},
  author={Broatch, A and Galindo, J and Navarro, R and Garc{\'i}a-T{\'i}scar, J and Daglish, A and Sharma, RK},
  journal={Engineering Applications of Computational Fluid Mechanics},
  volume={9},
  number={1},
  pages={12--20},
  year={2015},
  doi = {10.1080/19942060.2015.1004788},
  publisher={Taylor \& Francis}
}

@article{torregrosa2014aco,
  keywords = {MyOwn},
  title={Acoustic characterization of automotive turbocompressors},
  author={Torregrosa, AJ and Broatch, A and Navarro, R and Garc{\'i}a-T{\'i}scar, J},
  journal={International Journal of Engine Research},
  volume={16},
  number={1},
  pages={31--37},
  year={2015},
  doi = {10.1177/1468087414562866},
  publisher={SAGE Publications}
}
@article{torregrosa2005exp,
  title={Experimental assessment of emission models used for IC engine exhaust noise prediction},
  author={Torregrosa, AJ and Broatch, A and Bermudez, V and Andres, I},
  journal={Experimental Thermal and Fluid Science},
  volume={30},
  number={2},
  pages={97--107},
  year={2005},
  doi = {10.1016/j.expthermflusci.2005.05.001},
  publisher={Elsevier}
}

@article{ding2013experimental,
  title={Experimental investigation of the casing treatment effects on steady and transient characteristics in an industrial centrifugal compressor},
  author={Ding, Liang and Wang, Tong and Yang, Bo and Xu, Wei and Gu, Chuangang},
  journal={Experimental Thermal and Fluid Science},
  volume={45},
  pages={136--145},
  year={2013},
  doi = {10.1016/j.expthermflusci.2012.10.016},
  publisher={Elsevier}
}

@article{liu2013methods,
  title={Methods of surge point judgment for compressor experiments},
  author={Liu, AX and Zheng, XQ},
  journal={Experimental Thermal and Fluid Science},
  volume={51},
  pages={204--213},
  year={2013},
  doi = {10.1016/j.expthermflusci.2013.07.015},
  publisher={Elsevier}
}

@article{liskiewicz2014id,
  title={Identification of phenomena preceding blower surge by means of pressure spectral maps},
  author={Li{\'s}kiewicz, G and Horodko, L and Stickland, Matthew and Kry{\l}{\l}owicz, W},
  journal={Experimental Thermal and Fluid Science},
  volume={54},
  pages={267--278},
  year={2014},
  doi = {10.1016/j.expthermflusci.2014.01.002},
  publisher={Elsevier}
}

@article{deBeeck2013upcoming,
  title={Upcoming Emission Regulations for Passenger Cars: Impact on SCR System Requirements and Developments},
  author={de Beeck, Jo{\"e}l Op and Thompson, James and Booth, Neall},
  year={2013},
  volume={2013-01-1072},
  journal={SAE Technical Paper},
  doi={10.4271/2013-01-1072}
}

@article{turner2005concepts,
author = {Turner, J W G and Pearson, R J and Kenchington, S A}, 
title = {Concepts for improved fuel economy from gasoline engines},
volume = {6}, 
number = {2}, 
pages = {137-157}, 
year = {2005}, 
doi = {10.1243/146808705X7419}, 
journal = {International Journal of Engine Research} 
}

@article{schumann2012potential,
author = {Schumann, Florian and Sarikoc, Fatih and Buri, Stefan and Kubach, Heiko and Spicher, Ulrich}, 
title = {Potential of spray-guided gasoline direct injection for reduction of fuel consumption and simultaneous compliance with stricter emissions regulations},
volume = {14}, 
number = {1}, 
pages = {80-91}, 
year = {2013}, 
doi = {10.1177/1468087412451695},
journal = {International Journal of Engine Research} 
}

@article{broatch2014methodology,
  keywords = {MyOwn},
  title = "Methodology for experimental validation of a {CFD} model for predicting noise generation in centrifugal compressors ",
  journal = "International Journal of Heat and Fluid Flow ",
  volume = "50",
  number = "",
  pages = "134 - 144",
  year = "2014",
  note = "",
  issn = "0142-727X",
  author={Broatch, A and Galindo, J and Navarro, R and Garc{\'i}a-T{\'i}scar, J},
  publisher={Elsevier},
  doi={10.1016/j.ijheatfluidflow.2014.06.006}
}


@article{comesana2013scan,
  title={Scan and Paint: Theory and Practice of a Sound Field Visualization Method},
  author={Comesa{\~n}a, Daniel Fern{\'a}ndez and Steltenpool, Steven and Carrillo Pousa, Graciano and de Bree, Hans-Elias and Holland, Keith R},
  journal={ISRN Mechanical Engineering},
  volume={2013},
  year={2013},
  publisher={Hindawi Publishing Corporation},
  doi={10.1155/2013/241958}
}

@ARTICLE{aabom1988error,
  author = {{\AA}bom, M. and Bod{\'e}n, H.},
  title = {Error analysis of two-microphone measurements in ducts with flow},
  journal = {Journal of the Acoustical Society of America},
  year = {1988},
  volume = {83},
  pages = {2429--2438},
  number = {6},
  doi = {10.1121/1.396322},
  owner = {ronagar1},
  timestamp = {2014.05.23}
}

@article{torregrosa2012dev,
  title={Development of a non-reflecting boundary condition for its application in 3D computational fluid dynamic codes},
  author={Torregrosa, AJ and Fajardo, P and Gil, A and Navarro, R},
  journal={Engineering Applications of Computational Fluid Mechanics},
  volume={6},
  number={3},
  pages={447--460},
  year={2012},
  doi = {10.1080/19942060.2012.11015434}
}

@ARTICLE{cudina2000noise,
  author = {{\v{C}}udina, M.},
  title = {Noise generation by rotating stall and surge in vane-axial fans},
  journal = {Noise Control Engineering Journal},
  year = {2000},
  volume = {48},
  pages = {77--84},
  number = {3},
  owner = {ronagar1},
  publisher = {Institute of Noise Control Engineering},
  timestamp = {2014.02.03}
}

@INPROCEEDINGS{abidat2006design,
  author = {Abidat, M. and Hamidou, M. K. and Hachemi, M. and Hamel, M.},
  title = {{Design and flow analysis of radial and mixed flow turbine volutes}},
  booktitle = {European Conference on Computational Fluid Dynamics},
  year = {2006}
}

@PHDTHESIS{alenius2012flow,
  author = {Alenius, Emma},
  title = {{Flow Duct Acoustics: An LES Approach}},
  school = {Royal Institute of Technology (KTH)},
  year = {2012},
  institution = {KTH, MWL Flow acoustics},
  number = {2012:70},
  owner = {ronagar1},
  pages = {viii, 175},
  series = {Trita-AVE},
  timestamp = {2014.02.20}
}

@INPROCEEDINGS{VGT,
  author = {Andersen, J. and Karlsson, E. and Gawell, A.},
  title = {{Variable turbine geometry on SI engines}},
  booktitle = {SAE 2006 World Congress},
  year = {2006},
  number = {SAE 2006-01-0020},
  owner = {pablo},
  timestamp = {2012.01.15}
}

@MANUAL{Theory_guide,
  title = {ANSYS FLUENT Theory Guide},
  author = {{ANSYS Inc.}},
  year = {2011},
  owner = {Pablo},
  timestamp = {2012.03.25}
}

@MANUAL{fluent12users,
  title = {{ANSYS FLUENT 12.0 User's Guide}},
  author = {{ANSYS Inc.}},
  address = {Canonsburg, PA 15317},
  year = {2009}
}

@ARTICLE{arcaklioglu2005diesel,
  author = {Arcaklioglu, E. and {\c{C}}elikten, I.},
  title = {{A diesel engine's performance and exhaust emissions}},
  journal = {Applied Energy},
  year = {2005},
  volume = {80},
  pages = {11--22},
  number = {1},
  publisher = {Elsevier}
}

@ARTICLE{arnone1996rotor,
  author = {Arnone, A. and Pacciani, R.},
  title = {{Rotor-stator interaction analysis using the Navier--Stokes equations
  and a multigrid method}},
  journal = {Journal of Turbomachinery},
  year = {1996},
  volume = {118},
  pages = {679}
}

@BOOK{ascher1998computer,
  title = {{Computer methods for ordinary differential equations and differential-algebraic
  equations}},
  publisher = {Society for Industrial Mathematics},
  year = {1998},
  author = {Ascher, U. M. and Petzold, L. R.},
  volume = {61},
  owner = {roberto},
  timestamp = {2012.03.30}
}

@ARTICLE{atassi2004nonreflecting,
  author = {Atassi, O. V.},
  title = {{Nonreflecting boundary conditions for the time-dependent convective
  wave equation in a duct}},
  journal = {Journal of Computational Physics},
  year = {2004},
  volume = {197},
  pages = {737--758},
  number = {2},
  issn = {0021-9991},
  publisher = {Elsevier}
}

@INPROCEEDINGS{Auvinen2009timeAccurate,
  author = {Mikko Auvinen and Juhaveikko Ala-Juusela and Nicholas Pedersen and
  Siikonen, T.},
  title = {{Time-Accurate Turbomachinery Simulations with Open-Source CFD; Flow
  Analysis of a Single-Channel Pump with OpenFOAM}},
  booktitle = {ECCOMAS CFD 2010},
  year = {2010},
  owner = {roberto},
  timestamp = {2011.11.09}
}

@INPROCEEDINGS{Aymanns,
  author = {Aymanns, R. and Scharf, J. and Uhlmann, T. and L\"uckmann, D.},
  title = {{A revision of Quasi Steady Modelling of Turbocharger Turbines in
  the Simulation of Pulse Charged Engines}},
  booktitle = {16$^{th}$ SUPERCHARGING CONFERENCE},
  year = {2011},
  
  owner = {pablo},
  timestamp = {2012.01.15}
}

@INPROCEEDINGS{Baines2010Pulsating25years,
  author = {Baines, N.C.},
  title = {{Turbocharger turbine pulse flow performance and modelling - 25 years
  on}},
  booktitle = {{$9^{th}$ International Conference on Turbochargers and Turbocharging}},
  year = {2010},
  pages = {347-362},
  organization = {IMechE}
}

@INPROCEEDINGS{Baines2005design,
  author = {Baines, N. C.},
  title = {{Radial Turbines - An Integrated Design Approach}},
  booktitle = {6th European Conference on Turbomachinery - Fluid Dynamics and Thermodynamics},
  year = {2005},
  address = {Lille, France},
  owner = {pablo},
  timestamp = {2011.12.11}
}

@CONFERENCE{Baines_meanline,
  author = {Baines, N. C.},
  title = {{A meanline prrediction method for radial turbine efficiency}},
  booktitle = {{6$^{th}$ International Conference on Turbocharging and Air Management
  Systems, I Mech E}},
  year = {1998},
  number = {C554-6},
  organization = {Concepts ETI, Inc},
  publisher = {Institution of Mechanical Engineers},
  owner = {pablo},
}

@BOOK{baines2005fundamentals,
  title = {{Fundamentals of turbocharging}},
  publisher = {Concepts NREC},
  year = {2005},
  editor = {Concepts NREC},
  author = {Baines, N. C. and Ing{\'e}nieur-m{\'e}canicien, G. B. and Baines,
  N. C. and Baines, N. C.}
}

@INPROCEEDINGS{baris2011automotive,
  author = {Onur Baris and Fred Mendon\c{c}a},
  title = {Automotive Turbocharger Compressor CFD and Extension Towards Incorporating
  Installation Effects},
  booktitle = {Proceedings of ASME Turbo Expo 2011: Power for Land, Sea and Air},
  year = {2011},
  pages = {2197-2206},
  publisher = {ASME},
  doi = {10.1115/GT2011-46796},
  journal = {ASME Conference Proceedings},
  owner = {roberto},
  timestamp = {2012.10.24}
}

@INPROCEEDINGS{barr2006numerical,
  author = {Barr, L. and Spence, S. W. T. and McNally, T.},
  title = {{A Numerical Study of the Performance Characteristics of a Radial
  Turbine with Varying Inlet Blade Angle}},
  booktitle = {{$8^{th}$ International Conference on Turbochargers and Turbocharging}},
  year = {2006},
  organization = {IMechE},
  comment = {skimmed, turbogrid, k-eps, CFX, mesh description, tip clearance},
  keywords = {influence of inlet blade angle, turbocharger turbine, CFD simulation,
  off-design conditions},
  owner = {roberto},
  timestamp = {2013.06.12}
}

@ARTICLE{barton1998comparison,
  author = {Barton, I. E.},
  title = {{Comparison of SIMPLE-and PISO-type Algorithms for Transient Flows}},
  journal = {International Journal for numerical methods in fluids},
  year = {1998},
  volume = {26},
  pages = {459--483},
  number = {4},
  keywords = {SIMPLE algorithm, PISO algorithm, unsteady incompressible flow},
  owner = {roberto},
  publisher = {Wiley Online Library},
  timestamp = {2011.11.09}
}

@ARTICLE{Bayliss1980,
  author = {Bayliss, A. \& Turkel, E.},
  title = {{Far field boundary conditions for wave-like equations}},
  journal = {Journal of Computational Physics},
  year = {1980},
  volume = {48},
  pages = {182-189},
  owner = {pablo},
  timestamp = {2011.01.10}
}

@ARTICLE{bayliss1980radiation,
  author = {Bayliss, A. and Turkel, E.},
  title = {{Radiation boundary conditions for wave-like equations}},
  journal = {Communications on Pure and Applied Mathematics},
  year = {1980},
  volume = {33},
  pages = {707--725},
  number = {6},
  publisher = {Wiley Online Library}
}

@INPROCEEDINGS{beaudoin2008development,
  author = {Beaudoin, M. and Jasak, H.},
  title = {{Development of a Generalized Grid Interface for Turbomachinery Simulations
  with OpenFOAM}},
  booktitle = {Open Source CFD International Conference. Berlin, Germany},
  year = {2008},
  owner = {roberto},
  timestamp = {2011.11.06}
}

@TECHREPORT{behrens2009solvers,
  author = {Tim Behrens},
  title = {{OpenFOAM's basic solvers for linear systems of equations}},
  institution = {Chalmers University of Technology},
  year = {2009},
  owner = {roberto},
  timestamp = {2011.11.14}
}

@ARTICLE{benajes2001estimation,
  author = {Benajes, J. and Torregrosa, AJ and Galindo, J. and Andr{\'e}s, I.},
  title = {Estimation of the volume velocity fluctuation at the tailpipe end
  of an IC engine exhaust system},
  journal = {Measurement Science and Technology},
  year = {2001},
  volume = {12},
  pages = {1692},
  number = {10},
  owner = {ronagar1},
  publisher = {IOP Publishing},
  timestamp = {2014.02.03}
}

@ARTICLE{benson1964numerical,
  author = {Benson, R. S. and Garg, R. D. and Woollatt, D.},
  title = {{A numerical solution of unsteady flow problems}},
  journal = {International Journal of Mechanical Sciences},
  year = {1964},
  volume = {6},
  pages = {117--144},
  number = {1},
  doi = {10.1016/0020-7403(64)90009-8},
  publisher = {Elsevier}
}

@BOOK{benson1982thermodynamics,
  title = {{The thermodynamics and gas dynamics of internal combustion engines}},
  publisher = {Oxford University Press},
  year = {1982},
  editor = {Oxford University Press},
  author = {Benson, R. S. and Horlock, J. H. and Winterbone, D. E.},
  volume = {1}
}

@ARTICLE{benson1965experimental,
  author = {Benson, R. S. and Whitfield, A.},
  title = {{An experimental investigation of the non-steady flow characteristics
  of a centrifugal compressor}},
  journal = {Proceedings of the Institution of Mechanical Engineers 1847-1982
  (vols 1-196)},
  year = {1965},
  volume = {180},
  pages = {641--672},
  number = {1965},
  publisher = {Prof Eng Publishing}
}

@ARTICLE{bermudez2011,
  author = {Berm\'udez, V. and Serrano, J. R. and Piqueras, P. and Garc\'ia-Afonso,
  O.},
  title = {{Assessment by means of gas dynamic modelling of a pre-turbo diesel
  particulate filter configuration in a turbocharged HSDI diesel engine
  under full-load transient operation}},
  journal = {Proceedings of the Institution of Mechanical Engineers, Part D, Journal
  of Automobile Engineering},
  year = {2011},
  volume = {225},
  pages = {1134--1155},
  number = {9},
  timestamp = {2011.01.24}
}

@ARTICLE{bianchi2013large,
  author = {Stefano Bianchi and Domenico Borello and Alessandro Corsini and Franco
  Rispoli and Anthony G. Sheard},
  title = {{Large-Eddy Simulation of the Aerodynamic and Aeroacoustic Performance
  of a Ventilation Fan}},
  journal = {Advances in Acoustics and Vibration},
  year = {2013},
  volume = {2013},
  pages = {10},
  doi = {10.1155/2013/876973},
  owner = {ronagar1}
}

@INPROCEEDINGS{blanco2000numerical,
  author = {Blanco-Marigorta, E. and Fern{\'a}ndez-Francos, J. and Gonz{\'a}lez-P{\'e}rez,
  J. and Santolaria-Morros, C.},
  title = {{Numerical flow simulation in a centrifugal pump with impeller-volute
  interaction}},
  booktitle = {ASME 2000 Fluids Engineering Division Summer Meeting},
  year = {2000},
  pages = {1--6}
}

@ARTICLE{bogey2002three,
  author = {Bogey, C. and Bailly, C.},
  title = {{Three-dimensional non-reflective boundary conditions for acoustic
  simulations: far field formulation and validation test cases}},
  journal = {Acta Acustica united with Acustica},
  year = {2002},
  volume = {88},
  pages = {463--471},
  issn = {1436-7947},
  publisher = {S HIRZEL VERLAG GMBH AND CO}
}

@ARTICLE{bohn2005conjugate,
  author = {Bohn, D. and Heuer, T. and Kusterer, K.},
  title = {{Conjugate flow and heat transfer investigation of a turbo charger}},
  journal = {Journal of engineering for gas turbines and power},
  year = {2005},
  volume = {127},
  pages = {663}
}

@INPROCEEDINGS{borm2010demonstration,
  author = {Borm, O. and Balassa, B. and Barthmes, S. and Fellerhoff, J. and
  K{\"u}hrmann, A. and Kau, H.-P.},
  title = {{Demonstration of an Aerodynamic Design Process for Turbomachines
  Using Open Source Software Tools}},
  booktitle = {ASME Turbo Expo 2010: Power for Land, Sea, and Air},
  year = {2010},
  number = {GT2010-22194},
  organization = {ASME},
  owner = {roberto},
  timestamp = {2011.11.09}
}

@INPROCEEDINGS{borm2011comparison,
  author = {O. Borm and B. Balassa and H.-P. Kau},
  title = {{Comparison of Different Numerical Approaches at the Centrifugal
  Compressor RADIVER}},
  booktitle = {20th ISABE Conference},
  year = {2011},
  number = {ISABE-2011-1242},
  organization = {International Society for Airbreathing Engines},
  owner = {roberto},
  timestamp = {2011.11.06}
}

@CONFERENCE{borm2011density,
  author = {Borm, O. and Jemcov, A. and Kau, H.-P.},
  title = {Density Based Navier Stokes Solver for Transonic Flows},
  booktitle = {6th OpenFOAM Workshop},
  year = {2011},
  owner = {roberto},
  timestamp = {2012.09.13}
}

@INPROCEEDINGS{borm2012unsteady,
  author = {Borm, O. and Kau, H.-P.},
  title = {{Unsteady Aerodynamics of a Centrifugal Compressor Stage - Validation
  of Two Different CFD Solvers}},
  booktitle = {Proceedings of ASME Turbo Expo 2012},
  year = {2012},
  number = {GT2012-69636},
  organization = {ASME},
  owner = {roberto},
  timestamp = {2012.09.13}
}

@ARTICLE{Bozza2011,
  author = {Bozza, F. and De Bellis, V. and Marelli, S. and Capobianco, M.},
  title = {{1D Simulation and experimental analysis of a turbocharger compressor
  for automotive engines under unsteady flow conditions}},
  journal = {SAE Paper},
  year = {2011},
  volume = {4},
  pages = {1365--1384},
  number = {2011-01-1147},
  doi = {10.4271/2011-01-1147}
}

@CONFERENCE{Brueck2007,
  author = {Br\"uck, M. and Michaelis, B. and Awasthi, M. and Reinelt, R.},
  title = {{1D/3D-Coupling GT-POWER/FLUENT to Predict Species Transport in Exhaust
  Oxygen Sensors at Engine Operating Conditions}},
  booktitle = {European Automotive CFD Conference},
  year = {2007}
}

@ARTICLE{braun2013noise,
  author = {M.E. Braun and S.J. Walsh and J.L. Horner and R. Chuter},
  title = {{Noise source characteristics in the ISO 362 vehicle pass-by noise
  test: Literature review}},
  journal = {Applied Acoustics },
  year = {2013},
  volume = {74},
  pages = {1241 - 1265},
  number = {11},
  doi = {10.1016/j.apacoust.2013.04.005},
  issn = {0003-682X},
  keywords = {Vehicle noise source characteristics; Vehicle pass-by noise test;
  Pass-by noise prediction; Engine noise; Exhaust noise; Tyre/road
  noise},
  owner = {Roberto}
}

@ARTICLE{brizon2012combining,
  author = {da Silveira Brizon, Carla Julio and Medeiros, Eduardo Bauzer},
  title = {Combining subjective and objective assessments to improve acoustic
  comfort evaluation of motor cars},
  journal = {Applied Acoustics},
  year = {2012},
  volume = {73},
  pages = {913--920},
  number = {9},
  owner = {ronagar1},
  publisher = {Elsevier},
  DOI = {10.1016/j.apacoust.2012.03.013},
  timestamp = {2014.02.03}
}

@ARTICLE{Broatch2005ruido,
  author = {Broatch, A. and Margot, X. and Gil, A. and Denia, F. D.},
  title = {{A CFD Approach to the Computation of the Acoustic Response of Exhaust
  Mufflers}},
  journal = {Journal of Computational Acoustic},
  year = {2005},
  volume = {13},
  pages = {301-316},
  number = {2},
  doi = {10.1142/S0218396X05002682},
  keywords = {CFD simulation; transmission loss; exhaust muffler; frequency response.},
  owner = {pablo},
}

@INPROCEEDINGS{cabral1993imaging,
  author = {Cabral, Brian and Leedom, Leith Casey},
  title = {Imaging vector fields using line integral convolution},
  booktitle = {{Proceedings of the $20^{th}$ annual conference on Computer graphics
  and interactive techniques}},
  year = {1993},
  pages = {263--270},
  organization = {ACM},
  owner = {ronagar1},
  timestamp = {2014.03.25}
}

@INPROCEEDINGS{capobianco1990unsteady,
  author = {Capobianco, M. and Gambarotta, A.},
  title = {{Unsteady flow performance of turbocharger radial turbines}},
  booktitle = {C405/017, Proceeding of the Institute of Mechanical Engineers, Fourth
  International Conference, Turbocharging and Turbochargers},
  year = {1990},
  pages = {123--132}
}

@INPROCEEDINGS{capobianco2007waste,
  author = {Capobianco, M. and Marelli, S.},
  title = {{Waste-gate turbocharging control in automotive SI engines: effect
  on steady and unsteady turbine performance}},
  booktitle = {14th Asia Pacific Automotive Engineering Conference},
  year = {2007},
  pages = {01--3543},
  journal = {SAE paper},
  owner = {roberto},
  timestamp = {2012.06.29}
}

@INPROCEEDINGS{capon2010effect,
  author = {Geoff Capon and Tim Morris},
  title = {The effect of air inlet system features on automotive turbocharger
  compressor performance},
  booktitle = {{$9^{th}$ International Conference on Turbochargers and Turbocharging}},
  year = {2010},
  owner = {roberto},
  timestamp = {2013.09.24}
}

@PATENT{capon2010inlet,
  nationality = {United States},
  number = {US 2010/0122531 A1},
  year = {2010},
  yearfiled = {2009},
  author = {Geoffrey Charles Capon and Wa-Un Alexis Leong and Scott James Martin},
  title = {Inlet system for an engine},
  owner = {roberto},
  timestamp = {2013.09.24}
}

@INPROCEEDINGS{influence2006capon,
  author = {Capon, G, and Leong, A and Morris, T},
  title = {{The Influence of Installation Parameters on Turbocharged Automotive
  Engine Performance}},
  booktitle = {{$8^{th}$ International Conference on Turbochargers and Turbocharging}},
  year = {2006},
  organization = {IMechE},
  comment = {reviewed, annotations in Serrano's book},
  keywords = {influence of inlet geometry, turbocharger compressor, CFD simulation,
  experimental validation},
  owner = {roberto}
}

@PHDTHESIS{Cervello2005,
  author = {Cervell\'o, C.},
  title = {{Contribuci\'on a la Caracterizaci\'on Experimental y al Modelado
  de Turbinas de Geometr\'ia Variable en Grupos de Sobrealimentaci\'on}},
  school = {Tesis Doctoral UPV},
  year = {2005},
  owner = {pablo},
  timestamp = {2012.03.30}
}

@INPROCEEDINGS{chen2006turbine,
  author = {Chen, H.},
  title = {{Turbine wheel design for Garrett advanced variable geometry turbines
  for commercial vehicle applications}},
  booktitle = {8th International Conference on Turbochargers and Turbocharging,
  Institution of Mechanical Engineers},
  year = {2006}
}

@INPROCEEDINGS{chen2008numerical,
  author = {Chen, H. and Guo, S. and Zhu, X. C. and Du, Z. H. and Zhao, S.},
  title = {{Numerical Simulations of Onset of Volute Stall Inside a Centrifugal
  Compressor}},
  booktitle = {Proceedings of ASME Turbo Expo 2008: Power for Land, Sea and Air},
  year = {2008},
  organization = {ASME},
  owner = {roberto},
  timestamp = {2012.07.26}
}

@INPROCEEDINGS{chen2012casing,
  author = {Chen, H. and Lei, V.},
  title = {{Casing treatment and inlet swirl of centrifugal compressors}},
  booktitle = {Proceedings of ASME Turbo Expo 2012},
  year = {2012},
  number = {GT2012-69340},
  organization = {ASME},
  comment = {reviewed},
  owner = {roberto}
}

@INPROCEEDINGS{chen2006turbocharger,
  author = {Chen, H. and Yin, J.F.},
  title = {Turbocharger compressor development for diesel passenger car applications},
  booktitle = {{$8^{th}$ International Conference on Turbochargers and Turbocharging}},
  year = {2006},
  organization = {IMechE}
}

@ARTICLE{choi1994aerodynamic,
  author = {Choi, Jong-Soo},
  title = {Aerodynamic noise generation in centrifugal turbomachinery},
  journal = {KSME Journal},
  year = {1994},
  volume = {8},
  pages = {161--174},
  number = {2},
  doi = {10.1007/BF02953265},
  owner = {ronagar1},
  publisher = {Springer}
}

@ARTICLE{choi2003experiments,
  author = {Jong-Soo Choi and Dennis K. McLaughlin and Donald E. Thompson},
  title = {Experiments on the unsteady flow field and noise generation in a
  centrifugal pump impeller },
  journal = {Journal of Sound and Vibration },
  year = {2003},
  volume = {263},
  pages = {493 - 514},
  number = {3},
  doi = {10.1016/S0022-460X(02)01061-1},
  owner = {ronagar1},
  timestamp = {2014.05.02}
}

@ARTICLE{choi2013validation,
  author = {Choi, Minsuk and Smith, Nigel HS and Vahdati, Mehdi},
  title = {{Validation of Numerical Simulation for Rotating Stall in a Transonic
  Fan}},
  journal = {Journal of turbomachinery},
  year = {2013},
  volume = {135},
  number = {2},
  doi = {10.1115/1.4006641},
  owner = {ronagar1},
  publisher = {American Society of Mechanical Engineers},
  timestamp = {2014.02.03}
}

@ARTICLE{chung1980transfer,
  author = {Chung, JY and Blaser, DA},
  title = {Transfer function method of measuring in-duct acoustic properties.
  I. Theory},
  journal = {Journal of the Acoustical Society of America},
  year = {1980},
  volume = {68},
  pages = {907},
  owner = {ronagar1},
  timestamp = {2014.02.03}
}

@ARTICLE{copeland2009comparison,
  author = {Copeland, C. D. and Martinez-Botas, R. and Seiler, M.},
  title = {{Comparison Between Steady and Unsteady Double-Entry Turbine Performance
  Using the Quasi-Steady Assumption}},
  journal = {Journal of Turbomachinery},
  year = {2011},
  volume = {133},
  organization = {ASME}
}

@INPROCEEDINGS{costall2007fundamental,
  author = {Costall, A. and Martinez-Botas, R.F.},
  title = {{Fundamental characterization of turbocharger turbine unsteady flow
  behavior}},
  booktitle = {Proceedings of the ASME Turbo Expo},
  year = {2007},
  number = {GT-2007-28317}
}

@ARTICLE{cumpsty1977review,
  author = {Cumpsty, N. A.},
  title = {REVIEW--a critical review of turbomachinery noise},
  journal = {Journal of Fluids Engineering},
  year = {1977},
  volume = {99},
  pages = {278--293},
  number = {2},
  owner = {ronagar1},
  publisher = {American Society of Mechanical Engineers},
  timestamp = {2014.05.06}
}

@ARTICLE{dai2004comparison,
  author = {Dai, J. and Ijichi, N. and Tange, H. and Shibata, H. and Tamaki,
  H. and Yamaguchi, S.},
  title = {{Comparison of internal flow field between experiment and computation
  in a radial turbine impeller}},
  journal = {JSME International Journal Series B},
  year = {2004},
  volume = {47},
  pages = {48--56},
  number = {1},
  publisher = {J-STAGE}
}

@INPROCEEDINGS{danish2006comparison,
  author = {Danish, Syed Noman and Chaochen, Ma and Ce, Yang and Wei, L\"u},
  title = {{Comparison of Two Methods to Increase the Tip Clearance and its
  Effect on Performance of a Turbocharger Centrifugal Compressor Stage}},
  booktitle = {International Conference on Energy and Environment},
  year = {2006},
  pages = {7},
  comment = {reviewed},
  keywords = {Centrifugal impeller; Diffuser; Stage; Tip clearance; Numerical simulation;
  Entropy.},
  owner = {roberto}
}

@INPROCEEDINGS{danish2006influence,
  author = {Danish, Syed Noman and Chaochen, Ma, and Ce, Yang},
  title = {The influence of tip clearance on centrifugal compressor stage of
  a turbocharger},
  booktitle = {Proceedings of the 4th WSEAS Int. Conf. on Fluid Mechanics and Aerodynamics,
  Elounda, Greece},
  year = {2006},
  pages = {6--11},
  comment = {reviewed, frozen rotor is a bad choice for tip clearance analysis},
  keywords = {Centrifugal Impeller, Diffuser, Stage, Tip clearance, Numerical simulation,
  Entropy},
  owner = {roberto}
}

@ARTICLE{dea2009high,
  author = {Dea, J. R. and Giraldo, F. X. and Neta, B.},
  title = {{High-order non-reflecting boundary conditions for the linearized
  2-D Euler equations: No mean flow case}},
  journal = {Wave Motion},
  year = {2009},
  volume = {46},
  pages = {210--220},
  number = {3},
  publisher = {Elsevier}
}

@ARTICLE{deardorff1970numerical,
  author = {Deardorff, J. W.},
  title = {{A numerical study of three-dimensional turbulent channel flow at
  large Reynolds numbers}},
  journal = {Journal of Fluid Mechanics},
  year = {1970},
  volume = {41},
  pages = {453--480},
  number = {02},
  publisher = {Cambridge Univ Press},
}

@ARTICLE{decombes2010simulation,
  author = {Decombes, G. and Pichouron, J. F. and Maroteaux, F. and Moreno, N.
  and Jullien, J.},
  title = {{Simulation of the performance of a variable geometry turbocharger
  for Diesel engine road propulsion}},
  journal = {International Journal of Thermodynamics},
  year = {2010},
  volume = {5},
  pages = {139--149},
  number = {3}
}

@ARTICLE{dehner2013instabilities,
  author = {Dehner, Rick and Figurella, Neil and Selamet, Ahmet and Keller, Philip
  and Becker, Michael and Tallio, Kevin and Miazgowicz, Keith and Wade,
  Robert},
  title = {Instabilities at the Low-Flow Range of a Turbocharger Compressor},
  journal = {SAE International Journal of Engines},
  year = {2013},
  volume = {6},
  pages = {1356--1367},
  number = {2},
  doi = {10.4271/2013-01-1886},
  owner = {Roberto},
  publisher = {SAE International},
  timestamp = {2014.02.23}
}

@ARTICLE{denia2001acoustic,
  author = {Denia, F. D. and Albelda, J. and Fuenmayor, F. J. and Torregrosa,
  A. J.},
  title = {{Acoustic behaviour of elliptical chamber mufflers}},
  journal = {Journal of Sound and Vibration},
  year = {2001},
  volume = {241},
  pages = {401--421},
  number = {3},
  issn = {0022-460X},
  publisher = {Elsevier}
}

@ARTICLE{desantes2011potential,
  author = {Desantes, J. M. and Luj{\'a}n, Jos{\'e} M and Pl{\'a}, B and Soler, J. A. },
  title = {Potential of using a nozzle at the compressor inlet of a high-speed direct-injection diesel engine},
  journal = {Proceedings of the Institution of Mechanical Engineers, Part D: Journal
  of Automobile Engineering},
  year = {2011},
  volume = {225},
  pages = {178--189},
  number = {2},
  owner = {roberto},
  publisher = {SAGE Publications},
  timestamp = {2013.09.24},
  doi = {10.1243/09544070JAUTO1429}
}

@ARTICLE{desantes2001experiments,
  author = {Desantes, J. M. and Torregrosa, A. J. and Broatch, A.},
  title = {Experiments on flow noise generation in simple exhaust geometries},
  journal = {Acta Acustica united with Acustica},
  year = {2001},
  volume = {87},
  pages = {46--55},
  number = {1},
  owner = {ronagar1},
  publisher = {S. Hirzel Verlag},
  timestamp = {2014.02.03}
}

@ARTICLE{despres2013simulation,
  author = {Despr\'es, Guillaume and Boum, Ghislaine Ngo and Leboeuf, Francis
  and Chalet, David and Chesse, Pascal and Lefebvre, Alain},
  title = {Simulation of near surge instabilities onset in a turbocharger compressor},
  journal = {Proceedings of the Institution of Mechanical Engineers, Part A: Journal
  of Power and Energy},
  year = {2013},
  volume = {227},
  pages = {665--673},
  number = {6},
  doi = {10.1177/0957650913495537},
  owner = {ronagar1}
}

@ARTICLE{ding2012experimental,
  author = {Ding, Liang and Wang, Tong and Yang, Bo and Xu, Wei and Gu, Chuangang},
  title = {Experimental investigation of the casing treatment effects on steady
  and transient characteristics in an industrial centrifugal compressor},
  journal = {Experimental Thermal and Fluid Science},
  year = {2012},
  volume = {45},
  pages = {136-145},
  owner = {roberto},
  publisher = {Elsevier},
  timestamp = {2013.09.23}
}

@BOOK{dixon2010fluid,
  title = {{Fluid mechanics and thermodynamics of turbomachinery}},
  publisher = {Butterworth-Heinemann},
  year = {2010},
  author = {Dixon, S. L. and Hall, C.},
  owner = {roberto},
  timestamp = {2012.01.03}
}

@ARTICLE{dokumaci2000calculation,
  author = {Dokumaci, E.},
  title = {On calculation of acoustic power},
  journal = {Journal of Sound and Vibration},
  year = {2000},
  volume = {238},
  pages = {869--876},
  number = {5},
  owner = {ronagar1},
  publisher = {Elsevier},
  doi = {10.1006/jsvi.2000.3138},
  timestamp = {2014.02.03}
}

@ARTICLE{dokumaci1997note,
  author = {Dokumaci, E.},
  title = {A note on transmission of sound in a wide pipe with mean flow and
  viscothermal attenuation},
  journal = {Journal of Sound and Vibration},
  year = {1997},
  volume = {208},
  pages = {653--655},
  number = {4},
  owner = {ronagar1},
  publisher = {Elsevier},
  timestamp = {2014.02.03}
}

@ARTICLE{dorodnicyn2010artificial,
  author = {Dorodnicyn, L. W.},
  title = {{Artificial Boundary Conditions for High-Accuracy Aeroacoustic Algorithms}},
  journal = {SIAM Journal on Scientific Computing},
  year = {2010},
  volume = {32},
  pages = {1950--1979},
  number = {4}
}

@ARTICLE{dowling1983sound2,
  author = {Dowling, A.P. and Williams, J.E.F.},
  title = {Sound and sources of sound.},
  journal = {John Wiley \& Sons, Inc., 605 Third Ave., New York, NY 10158, USA,
  1983, 321},
  year = {1983},
  owner = {ronagar1},
  timestamp = {2014.02.03}
}

@BOOK{dowling1983sound,
  title = {{Sound and Sources of Sound}},
  publisher = {Ellis Horwood publishers},
  year = {1983},
  author = {Dowling, A. P. and Williams, J. E. Ffowcs},
  isbn = {0-470-27371-2},
  owner = {ronagar1},
  timestamp = {2014.02.03}
}

@ARTICLE{dragojlovic2004fuzzy,
  author = {Dragojlovic, Z. and Kaminski, D. A.},
  title = {A fuzzy logic algorithm for acceleration of convergence in solving
  turbulent flow and heat transfer problems},
  journal = {Numerical Heat Transfer, Part B: Fundamentals},
  year = {2004},
  volume = {46},
  pages = {301--327},
  number = {4},
  owner = {roberto},
  publisher = {Taylor \& Francis},
  timestamp = {2012.09.11}
}

@MANUAL{drela2008user,
  title = {{A User's Guide to MISES 2.63}},
  author = {Drela, Mark and Youngren, Harold},
  organization = {MIT Aerospace Computational Design Laboratory},
  year = {2008},
  owner = {ronagar1},
  timestamp = {2014.03.26}
}

@ARTICLE{elfaghi2010higher,
  author = {Elfaghi, A. M. and Asrar, W. and Omar, A. A.},
  title = {{Higher order compact-flowfield dependent variation (HOC-FDV) solution
  of one-dimensional problems}},
  journal = {Engineering Applications of Computational Fluid Mechanics},
  year = {2010},
  volume = {4},
  pages = {434--440},
  number = {3},
  owner = {roberto},
  timestamp = {2012.01.17}
}

@INPROCEEDINGS{elKamel2011experimental,
  author = {El Kamel, C. and Toussaint, M. and Lefebvre, A. and Marchal, A. and
  Descombes, G.},
  title = {{Experimental study of the surge behaviour of a centrifugal compressor}},
  booktitle = {13rd European Automotive Congress (EAEC)},
  year = {2011},
  address = {Valencia, Spain},
  owner = {roberto},
  timestamp = {2012.07.27}
}

@ARTICLE{Engquist_and_Majda,
  author = {Engquist, B. and Majda, A},
  title = {{Absorbing Boundary Conditions for the Numerical Evaluation of Waves}},
  journal = {Math. of Comp.},
  year = {1977},
  volume = {31},
  pages = {629-651},
  number = {139},
  owner = {roberto},
  timestamp = {2011.10.14}
}

@ARTICLE{eriksson1980higher,
  author = {Eriksson, L. J.},
  title = {Higher order mode effects in circular ducts and expansion chambers},
  journal = {Journal of the Acoustical Society of America},
  year = {1980},
  volume = {68},
  pages = {545},
  doi = {10.1121/1.384768},
  keywords = {plane-wave theory, asymmetric modes, cut-off requency},
  owner = {roberto},
  timestamp = {2013.08.23}
}

@INPROCEEDINGS{esch2003heat,
  author = {Esch, T. and Menter, FR},
  title = {{Heat transfer predictions based on two-equation turbulence models
  with advanced wall treatment}},
  booktitle = {Proceedings of the 4th international symposium on turbulence, heat
  \& mass transfer, Antalya, Turkey},
  year = {2003},
  pages = {614--621}
}

@ARTICLE{eum2004tip,
  author = {Eum, Hark-Jin and Kang, Young-Seok and Kang, Shin-Hyoung},
  title = {Tip clearance effect on through-flow and performance of a centrifugal
  compressor},
  journal = {KSME International Journal},
  year = {2004},
  volume = {18},
  pages = {979-989},
  number = {6},
  doi = {10.1007/BF02990870},
  issn = {1738-494X},
  keywords = {Tip Clearance; Through-Flow; Performance; Centrifugal Compressor;
  Secondary Flow; Loss Distribution; Tip Leakage Flow; Performance
  Drop; Efficiency Drop; Specific Work Reduction; Additional Entropy
  Generation; Kinetic Energy},
  language = {English},
  owner = {Roberto},
  publisher = {Korean Society of Mechanical Engineers},
  timestamp = {2014.03.29}
}

@ARTICLE{evans2005minimizing,
  author = {Evans, D. and Ward, A.},
  title = {{Minimizing Turbocharger Whoosh Noise for Diesel Powertrains}},
  journal = {SAE Technical Paper},
  volume = {2005-01-2485},
  year = {2005},
  comment = {reviewed},
  doi = {10.4271/2005-01-2485},
  keywords = {whoosh noise, turbocharger noise,},
  owner = {roberto},
  timestamp = {2012.07.30}
}

@PHDTHESIS{fajardo2012methodology,
  author = {Fajardo, P.},
  title = {{Methodology for the Numerical Characterization of a Radial Turbine
  under Steady and Pulsating Flow}},
  school = {Universitat Polit\`ecnica de Val\`encia},
  year = {2012},
  owner = {roberto},
  timestamp = {2012.07.31},
  url = {http://hdl.handle.net/10251/16878}
}

@BOOK{ferziger2002computational,
  title = {{Computational Methods for Fluid Dynamics}},
  publisher = {Springer},
  year = {2002},
  author = {{Ferziger, J.H. and Peri{\'c}, M.}},
  edition = {third, rev.},
  owner = {roberto},
  timestamp = {2012.03.09}
}

@INPROCEEDINGS{figurella2012noise,
  author = {Figurella, Neil and Dehner, Rick and Selamet, Ahmet and Tallio, Kevin
  and Miazgowicz, Keith and Wade, Robert},
  title = {Noise at the mid to high flow range of a turbocharger compressor},
  booktitle = {INTER-NOISE and NOISE-CON Congress and Conference Proceedings},
  year = {2012},
  volume = {2012},
  number = {3},
  pages = {8127-8138},
  organization = {Institute of Noise Control Engineering},
  comment = {reviewed},
  keywords = {whoosh noise,},
  owner = {roberto},
  timestamp = {2013.06.03}
}

@MANUAL{Validation_guide,
  title = {{FLUENT 6.3 Validation Guide}},
  author = {FLUENT},
  
  year = {2006},
  owner = {pablo},
  timestamp = {2011.11.17}
}

@ARTICLE{fontanesi2014cfd,
  author = {Stefano Fontanesi and Stefano Paltrinieri and Giuseppe Cantore},
  title = {CFD Analysis of the Acoustic Behavior of a Centrifugal Compressor
  for High Performance Engine Application },
  journal = {Energy Procedia },
  year = {2014},
  volume = {45},
  pages = {759--768},
  number = {0},
  note = {ATI 2013 - 68th Conference of the Italian Thermal Machines Engineering
  Association},
  doi = {10.1016/j.egypro.2014.01.081},
  owner = {ronagar1}
}

@ARTICLE{Frederick2007_rotordynamic,
  author = {Frederick, Nelson},
  title = {Rotordamics without Equations},
  journal = {International Journal of COMADEM},
  year = {2007},
  volume = {10},
  pages = {2-10},
  owner = {milpehi},
  timestamp = {2013.02.13}
}

@ARTICLE{pinero2000estimation,
  author = {{Pi\~nero G. and Vergara, L. and Desantes, J. M. and Broatch, A.}},
  title = {Estimation of velocity fluctuation in internal combustion engine
  exhaust systems through beamforming techniques},
  journal = {Measurement Science \& Technology},
  year = {2000},
  volume = {11},
  pages = {1585-1595},
  number = {11},
  doi = {10.1088/0957-0233/11/11/307},
  owner = {roberto},
  timestamp = {2013.10.16}
}

@ARTICLE{galindo2011measurement,
  author = {Jose Galindo and Francisco Arnau and Andres Tiseira and Ricardo Lang
  and Hamid Lahjaily and Thomas Gimenes},
  title = {Measurement and Modeling of Compressor Surge on Engine Test Bench
  for Different Intake Line Configurations},
  journal = {SAE Technical Paper},
  year = {2011},
  number = {2011-01-0370},
  doi = {10.4271/2011-01-0370},
  institution = {SAE Technical Paper},
  owner = {roberto},
  timestamp = {2013.09.24}
}

@ARTICLE{galindo2009effect,
  author = {Galindo, J. and Climent, H. and Guardiola, C. and Tiseira, A.},
  title = {{On the effect of pulsating flow on surge margin of small centrifugal
  compressors for automotive engines}},
  journal = {{Experimental Thermal and Fluid Science}},
  year = {2009},
  volume = {33},
  pages = {1163--1171},
  number = {8},
  doi = {10.1016/j.expthermflusci.2009.07.006},
  keywords = {Centrifugal compressor, Surge, Compressor testing, Pulsating flow,
  Turbocharger},
  owner = {roberto},
  publisher = {Elsevier},
  timestamp = {2012.07.29}
}

@ARTICLE{galindo2012characterization,
  author = {Galindo, J. and Fajardo, P. and Navarro, R. and Garc\'ia-Cuevas,
  L. M.},
  title = {{Characterization of a radial turbocharger turbine in pulsating flow
  by means of CFD and its application to engine modeling}},
  journal = {Applied Energy},
  year = {2013},
  volume = {103},
  pages = {116--127},
  doi = {10.1016/j.apenergy.2012.09.013},
  owner = {roberto},
  timestamp = {2012.03.27}
}

@ARTICLE{galindo2013setup,
  author = {J. Galindo and S. Hoyas and P. Fajardo and R. Navarro},
  title = {{Set-up analysis and Optimization of CFD Simulations for Radial Turbines}},
  journal = {Engineering Applications of Computational Fluid Mechanics},
  year = {2013},
  volume = {7},
  pages = {441--460},
  number = {4},
  keywords = {CFD simulation; turbocharging; radial turbine; local mesh independence},
  owner = {ronagar1},
  timestamp = {2014.03.03}
}

@ARTICLE{galindo2006method,
  author = {Galindo, J. and Lujan, J. M. and Guardiola, C. and Lapuente, G. S.},
  title = {{A method for data consistency checking in compressor and variable-geometry
  turbine maps}},
  journal = {Proceedings of the Institution of Mechanical Engineers, Part D: Journal
  of Automobile Engineering},
  year = {2006},
  volume = {220},
  pages = {1465--1473},
  number = {10},
  publisher = {Sage Publications}
}

@ARTICLE{galindo2008experiments,
  author = {Galindo, J. and Serrano, JR and Climent, H. and Tiseira, A.},
  title = {{Experiments and modelling of surge in small centrifugal compressor
  for automotive engines}},
  journal = {Experimental Thermal and Fluid Science},
  year = {2008},
  volume = {32},
  pages = {818--826},
  number = {3},
  doi = {10.1016/j.expthermflusci.2007.10.001},
  keywords = {Centrifugal compressor; Surge; Compressor modelling; Turbocharger},
  publisher = {Elsevier}
}

@ARTICLE{galindo2009description,
  author = {Galindo, J. and Serrano, J. R. and Arnau, F. J. and Piqueras, P.},
  title = {{Description of a Semi-Independent Time Discretization Methodology
  for a One-Dimensional Gas Dynamics Model}},
  journal = {Journal of Engineering for Gas Turbines and Power},
  year = {2009},
  volume = {131},
  pages = {034504},
  doi = {10.1115/1.2983015}
}

@ARTICLE{galindo2009high,
  author = {Galindo, J. and Serrano, J. R. and Arnau, F. J. and Piqueras, P.},
  title = {{High-frequency response of a calculation methodology for gas dynamics
  based on Independent Time Discretisation}},
  journal = {Mathematical and Computer Modelling},
  year = {2009},
  volume = {50},
  pages = {812--822},
  number = {5-6},
  doi = {10.1016/j.mcm.2009.05.011},
  publisher = {Elsevier}
}

@CONFERENCE{galindo2008description,
  author = {Galindo, J. and Serrano, J. R. and Arnau, F. J. and Piqueras, P.},
  title = {{Description and Analysis of a One-Dimensional Gas-Dynamic Model
  With Independent Time Discretization}},
  booktitle = {{Internal Combustion Engine Division Spring Technical Conference}},
  year = {2008},
  number = {ICES2008-1610},
  pages = {187-197},
  organization = {ASME}
}

@ARTICLE{Galindo2013_SAE_lubrication,
  author = {{Galindo, J. and Serrano, J.R. and Dolz, V. and L\'opez, M.A.}},
  title = {{Behavior of an IC Engine Turbocharger in Critical Condition of Lubrication}},
  journal = {SAE International Journal Engines},
  year = {2013},
  volume = {6},
  doi = {10.4271/2013-01-0921},
  owner = {milpehi},
  timestamp = {2013.05.21}
}

@ARTICLE{galindo2006surge,
  author = {Galindo, J. and Serrano, J. R. and Guardiola, C. and Cervell{\'o},
  C.},
  title = {Surge limit definition in a specific test bench for the characterization
  of automotive turbochargers},
  journal = {Experimental Thermal and Fluid Science},
  year = {2006},
  volume = {30},
  pages = {449--462},
  number = {5},
  doi = {10.1016/j.expthermflusci.2005.06.002},
  keywords = {Turbochargers testing; Turbocharging; Surge; Diesel engines},
  publisher = {Elsevier}
}

@ARTICLE{galindo2007potential,
  author = {Galindo, J. and Serrano, J. R. and Margot, X. and Tiseira, A. and
  Schorn, N. and Kindl, H.},
  title = {Potential of flow pre-whirl at the compressor inlet of automotive
  engine turbochargers to enlarge surge margin and overcome packaging
  limitations},
  journal = {International journal of heat and fluid flow},
  year = {2007},
  volume = {28},
  pages = {374--387},
  number = {3},
  doi = {10.1016/j.ijheatfluidflow.2006.06.002},
  keywords = {Turbocharging; Turbocharger; Compressor surge; Centrifugal compressor;
  Car packaging},
  owner = {roberto},
  publisher = {Elsevier},
  timestamp = {2013.09.24}
}

@ARTICLE{galindo2013engine,
  author = {Galindo, J. and Tiseira, A. and Arnau, F. J. and Lang, R.},
  title = {On-Engine Measurement of Turbocharger Surge Limit},
  journal = {Experimental Techniques},
  year = {2013},
  volume = {37},
  pages = {47--54},
  number = {1},
  doi = {10.1111/j.1747-1567.2010.00697.x},
  issn = {1747-1567},
  keywords = {Acoustics, Fluid Mechanics, Numerical Methods, Thermal Analysis},
  owner = {roberto},
  publisher = {Blackwell Publishing Ltd},
  timestamp = {2012.07.29}
}

@ARTICLE{galindo2013analysis,
  author = {J. Galindo and A. Tiseira and P. Fajardo and R. Navarro},
  title = {{Analysis of the influence of different real flow effects on computational
  fluid dynamics boundary conditions based on the method of characteristics}},
  journal = {Mathematical and Computer Modelling },
  year = {2013},
  volume = {57},
  pages = {1957 - 1964},
  number = {7-8},
  note = {{Public Key Services and Infrastructures EUROPKI-2010-Mathematical
  Modelling in Engineering \& Human Behaviour 2011}},
  doi = {10.1016/j.mcm.2012.01.016},
  issn = {0895-7177},
  keywords = {CFD simulation; CFD BC; Boundary condition; Real effects; Anechoic
  BC; Method of characteristics}
}

@ARTICLE{galindo2010coupling,
  author = {J. Galindo and A. Tiseira and P. Fajardo and R. Navarro},
  title = {Coupling methodology of 1D finite difference and 3D finite volume
  CFD codes based on the Method of Characteristics},
  journal = {Mathematical and Computer Modelling },
  year = {2011},
  volume = {54},
  pages = {1738--1746},
  number = {7-8},
  note = {{Mathematical models of addictive behaviour, medicine \& engineering}},
  doi = {10.1016/j.mcm.2010.11.078},
  issn = {0895-7177},
  keywords = {1D-3D coupling; CFD simulation; 1D modeling; Co-simulation; Method
  of Characteristics; User defined function},
  owner = {pablo}
}

@ARTICLE{galindo2014influence,
  title = "Influence of tip clearance on flow behavior and noise generation of centrifugal compressors in near-surge conditions ",
  journal = "International Journal of Heat and Fluid Flow ",
  volume = "52",
  number = "",
  pages = "129--139",
  year = "2015",
  doi = "10.1016/j.ijheatfluidflow.2014.12.004",
  author = "J. Galindo and A. Tiseira and R. Navarro and M.A. López"
}

@INPROCEEDINGS{gaude2008experimental,
  author = {Gaud\'e, G. and Lef\`evre, T. and Tanna, R. and Jin, K. and McKitterick,
  T. J. B. and Armenio, S.},
  title = {{Experimental and computational challenges in the quantification of turbocharger vibro-acoustic sources}},
  booktitle = {Proceedings of the 37th International Congress and Exposition on Noise Control Engineering (INTER-NOISE 2008)},
  year = {2008},
  volume = {2008},
  number = {3},
  pages = {5754--5767},
  organization = {Institute of Noise Control Engineering},
  url = {http://www.ingentaconnect.com/content/ince/incecp/2008/00002008/00000003/art00009}
}

@BOOK{giles1988non,
  title = {{Non-reflecting boundary conditions for the Euler equations}},
  publisher = {Computational Fluid Dynamics Laboratory, Dept. of Aeronautics and
  Astronautics, Massachusetts Institute of Technology},
  year = {1988},
  author = {Giles, M. and Massachusetts Institute of Technology. Computational
  Fluid Dynamics Laboratory}
}

@ARTICLE{givoli2004high,
  author = {Givoli, D.},
  title = {{High-order local non-reflecting boundary conditions: a review}},
  journal = {Wave Motion},
  year = {2004},
  volume = {39},
  pages = {319--326},
  number = {4},
  publisher = {Elsevier}
}

@ARTICLE{gonzalez2003sound,
  author = {Gonz\'alez, A. and Ferrer, M. and De Diego, M. and Pi\~nero, G. and Garcia-Bonito, JJ},
  title = {Sound quality of low-frequency and car engine noises after active
  noise control},
  journal = {Journal of Sound and Vibration},
  year = {2003},
  volume = {265},
  pages = {663--679},
  number = {3},
  owner = {ronagar1},
  publisher = {Elsevier},
  doi = {10.1016/S0022-460X(02)01462-1},
  timestamp = {2014.02.03}
}

@INPROCEEDINGS{object2012mangani,
  author = {Gr\"oschel, E. and Rembold, B. and Mangani, L. and Casartelli, E.},
  title = {{AN OBJECT-ORIENTED CFD CODE FOR OPTIMIZATION OF HIGH PRESSURE RATIO
  COMPRESSORS}},
  booktitle = {Proceedings of ASME Turbo Expo 2012},
  year = {2012},
  number = {GT2012-68708},
  organization = {ASME},
  owner = {roberto},
  timestamp = {2012.09.06}
}

@ARTICLE{greenshields2010implementation,
  author = {Greenshields, C. J. and Weller, H. G. and Gasparini, L. and Reese,
  J. M.},
  title = {{Implementation of semi-discrete, non-staggered central schemes in
  a colocated, polyhedral, finite volume framework, for high-speed
  viscous flows}},
  journal = {International Journal for Numerical Methods in Fluids},
  year = {2010},
  volume = {63},
  pages = {1--21},
  number = {1},
  doi = {10.1002/fld.2069},
  keywords = {rhoCentralFoam, finite volume, polyhedral; semi-discrete; central
  schemes; hypersonic flows; biconic;
  
  supersonic jet; forward-facing step; compressible viscous flows; Navier?Stokes
  equations},
  owner = {roberto},
  publisher = {Wiley Online Library},
  timestamp = {2011.11.14}
}

@ARTICLE{greschner2010measurements,
  author = {Greschner, Bj{\"o}rn and Grilliat, Julien and Jacob, Marc C and Thiele,
  F},
  title = {Measurements and wall modeled LES simulation of trailing edge noise
  caused by a turbulent boundary layer},
  journal = {International Journal of Aeroacoustics},
  year = {2010},
  volume = {9},
  pages = {329--356},
  number = {3},
  doi = {10.1260/1475-472X.9.3.329},
  owner = {ronagar1},
  publisher = {Multi-Science},
  timestamp = {2014.04.30}
}

@TECHREPORT{NASA_MoC,
  author = {Guderley, G.},
  title = {{Nonstationary gas flow in thin pipes of variable cross section}},
  institution = {{NASA Technical Memorandum N.1196}},
  year = {1948},
  address = {Washington},
  abstract = {December}
}

@PHDTHESIS{guillou2011flow,
  author = {Guillou, Erwann},
  title = {Flow characterization and dynamic analysis of a radial compressor with passive method of surge control},
  school = {University of Cincinnati},
  year = {2011},
  url = {http://rave.ohiolink.edu/etdc/view?acc_num=ucin1321371782},
  timestamp = {2013.09.23}
}

@TECHREPORT{guillou2010characterization,
  author = {Erwann Guillou and Russel DiMicco and Ephraim Gutmark and Ashraf
  Mohamed and Matthieu Gancedo},
  title = {{Characterization of a Ported Shroud Compressor using PIV Measurements}},
  institution = {SAE Technical Paper},
  year = {2010},
  number = {2010-01-1225},
  doi = {10.4271/2010-01-1225}
}

@INPROCEEDINGS{guillou2010surge,
  author = {E. Guillou and M. Gancedo and R.G. DiMicco and E. Gutmark and F.
  Hellstrom and L. Fuchs and A. Mohamed},
  title = {{Surge characteristics in a ported shroud compressor using PIV measurements and large eddy simulation}},
  booktitle = {9\textsuperscript{th} International Conference on Turbochargers and Turbocharging},
  year = {2010}
}

@ARTICLE{guillou2012piv,
  author = {Guillou, Erwann and Gancedo, Matthieu and Gutmark, Ephraim and Mohamed,
  Ashraf},
  title = {{PIV investigation of the flow induced by a passive surge control method in a radial compressor}},
  journal = {Experiments in fluids},
  year = {2012},
  volume = {53},
  pages = {619--635},
  number = {3},
  owner = {roberto},
  publisher = {Springer},
  timestamp = {2013.09.23},
  doi = {10.1007/s00348-012-1310-8}
}

@ARTICLE{guo2007numerical,
  author = {Guo, Q. and Chen, H. and Zhu, X. C. and Du, Z. H. and Zhao, Y.},
  title = {{Numerical simulations of stall inside a centrifugal compressor}},
  journal = {Proceedings of the Institution of Mechanical Engineers, Part A: Journal
  of Power and Energy},
  year = {2007},
  volume = {221},
  pages = {683--693},
  number = {5},
  doi = {10.1243/09576509JPE417},
  owner = {roberto},
  publisher = {Prof Eng Publishing},
  timestamp = {2012.07.26}
}

@PHDTHESIS{gyllenram2008analytical,
  author = {Gyllenram, W.},
  title = {{Analytical and Numerical Studies of Internal Swirling Flows}},
  school = {Chalmers University of Technology},
  year = {2008},
  owner = {roberto},
  publisher = {Chalmers Univ. of Technology},
  timestamp = {2011.11.14}
}

@ARTICLE{ha2013experimental,
  author = {Ha, Kyoung-Ku and Jeong, Tae-Bin and Kang, Shin-Hyoung and Kim, Hyoung-Jin
  and Won, Kwang-Min and Park, Chi-Yong and Jung, Woo-Youl and Cho,
  Kyung-Seok},
  title = {Experimental investigation on aero-acoustic characteristics of a
  centrifugal compressor for the fuel-cell vehicle},
  journal = {Journal of Mechanical Science and Technology},
  year = {2013},
  volume = {27},
  pages = {3287-3297},
  number = {11},
  comment = {CFX; TurboGrid; MRF; reviewed},
  doi = {10.1007/s12206-013-0851-y},
  issn = {1738-494X},
  keywords = {Blade passing frequency; Centrifugal compressor; Fuel-cell vehicles;
  Impeller; Noise; Noise indicator; Tonal noise; Vaneless diffuser},
  owner = {Roberto},
  publisher = {Springer Netherlands}
}

@ARTICLE{Hagstrom,
  author = {Hagstrom, T. \& Hariharan, S. I.},
  title = {{Accurate Boundary Conditions for Exterior Problems in Gas Dynamics}},
  journal = {Mathematics of Computation},
  year = {1988},
  volume = {51},
  pages = {581-597},
  number = {184},
  owner = {Pablo},
  timestamp = {2011.01.05}
}

@PHDTHESIS{phdHellstrom,
  author = {Hellstr\"om, F.},
  title = {{Numerical computations of the unsteady flow in turbochargers}},
  school = {Royal Institute of Technology (KTH)},
  year = {2010},
  owner = {pablo},
  timestamp = {2012.01.15}
}

@INPROCEEDINGS{hellstrom2009numerical,
  author = {Hellstr\"om, F. and Fuchs, L.},
  title = {{Numerical Computation of the Pulsatile Flow in a Turbocharger With
  Realistic Inflow Conditions From an Exhaust Manifold}},
  booktitle = {Proceedings of ASME Turbo Expo 2009: Power for Land, Sea and Air},
  year = {2009},
  number = {GT2009-5961},
  organization = {ASME}
}

@INPROCEEDINGS{hellstrom2008effects,
  author = {Hellstr\"om, F. and Fuchs, L.},
  title = {{Effects of inlet conditions on the turbine performance of a radial
  turbine}},
  booktitle = {Proceedings of the ASME Turbo Expo 2008: Power for Land, Sea and
  Air},
  year = {2008},
  organization = {ASME},
  journal = {PROCEEDINGS OF THE ASME TURBO EXPO 2008: Power for Land, Sea and
  Air, 2008, Berlin}
}

@TECHREPORT{hellstrom2010stall,
  author = {Fredrik Hellstr\"om and Erwann Guillou and Matthieu Gancedo and Russel
  DiMicco and Ashraf Mohamed and Ephraim Gutmark and Laszlo Fuchs},
  title = {{Stall Development in a Ported Shroud Compressor using PIV Measurements
  and Large Eddy Simulation}},
  institution = {SAE Technical Paper 2010-01-0184},
  year = {2010},
  doi = {10.4271/2010-01-0184},
  owner = {roberto},
  publisher = {SAE International},
  timestamp = {2012.07.26}
}

@ARTICLE{hellstrom2012large,
  author = {Hellstrom, Fredrik and Gutmark, Ephraim and Fuchs, Laszlo},
  title = {{Large Eddy Simulation of the Unsteady Flow in a Radial Compressor
  Operating Near Surge}},
  journal = {Journal of turbomachinery},
  year = {2012},
  volume = {134},
  number = {5},
  doi = {10.1115/1.4003816},
  owner = {ronagar1},
  publisher = {American Society of Mechanical Engineers},
  timestamp = {2014.02.03}
}

@ARTICLE{hemidi2009cfd1,
  author = {Hemidi, Amel and Henry, Fran{\c{c}}ois and Leclaire, S{\'e}bastien
  and Seynhaeve, Jean-Marie and Bartosiewicz, Yann},
  title = {{CFD analysis of a supersonic air ejector. Part I: experimental validation
  of single-phase and two-phase operation}},
  journal = {Applied Thermal Engineering },
  year = {2009},
  volume = {29},
  pages = {1523 - 1531},
  number = {8-9},
  doi = {10.1016/j.applthermaleng.2008.07.003},
  issn = {1359-4311},
  keywords = {Supersonic ejector; Air-conditioning; CFD-experiment integration;
  Turbulence models; Two-phase compressible flows},
  owner = {ronagar1},
  publisher = {Elsevier},
  timestamp = {2014.02.03}
}

@ARTICLE{hemidi2009cfd2,
  author = {Hemidi, Amel and Henry, Fran{\c{c}}ois and Leclaire, S{\'e}bastien
  and Seynhaeve, Jean-Marie and Bartosiewicz, Yann},
  title = {{CFD analysis of a supersonic air ejector. Part II: Relation between
  global operation and local flow features}},
  journal = {Applied Thermal Engineering},
  year = {2009},
  volume = {29},
  pages = {2990 - 2998},
  number = {14-15},
  doi = {10.1016/j.applthermaleng.2009.03.019},
  issn = {1359-4311},
  keywords = {Supersonic ejector; Air-conditioning; CFD-experiment integration;
  Turbulence models},
  owner = {ronagar1},
  publisher = {Elsevier},
  timestamp = {2014.02.03}
}

@PATENT{hermann2010inlet,
  nationality = {United States},
  number = {US 2010/0266395 A1},
  year = {2010},
  yearfiled = {2009},
  author = {Eric Henry Hermann and et al.},
  title = {Inlet swirl control for turbochargers},
  owner = {roberto},
  timestamp = {2013.09.24}
}

@INPROCEEDINGS{heuer2006thermomechanical,
  author = {Heuer, T., and Engels, B. and Heger, H. and Klein, A.},
  title = {{Thermomechanical analysis of a turbo charger turbine wheel based
  on CHT-calculations and measurements}},
  booktitle = {{$8^{th}$ International Conference on Turbochargers and Turbocharging}},
  year = {2006},
  organization = {IMechE},
  comment = {skimmed, 5.8 M cells, mesh description, low y+ resolution, CFX, k-w
  SST, MRF},
  keywords = {turbocharger turbine, CHT simulation, experimental validation, FEA},
  owner = {roberto},
  timestamp = {2013.06.12}
}

@BOOK{hiereth2007charging,
  title = {{Charging the internal combustion engine}},
  publisher = {Springer Verlag},
  year = {2007},
  editor = {SpringerWienNewYork},
  author = {Hiereth, H. and Prenninger, P.}
}

@ARTICLE{hillewaert1999numerical,
  author = {Hillewaert, K. and Van den Braembussche, RA},
  title = {{Numerical simulation of impeller--volute interaction in centrifugal
  compressors}},
  journal = {Journal of Turbomachinery},
  year = {1999},
  volume = {121},
  pages = {603}
}

@ARTICLE{holland2000measurement,
  author = {Holland, KR and Davies, P.},
  title = {The measurement of sound power flux in flow ducts},
  journal = {Journal of Sound and Vibration},
  year = {2000},
  volume = {230},
  pages = {915--932},
  number = {4},
  doi = {10.1006/jsvi.1999.2656},
  owner = {ronagar1},
  publisher = {Elsevier},
  timestamp = {2014.02.03}
}

@ARTICLE{issa1986solution,
  author = {Issa, R. I.},
  title = {{Solution of the implicitly discretised fluid flow equations by operator-splitting}},
  journal = {Journal of Computational physics},
  year = {1986},
  volume = {62},
  pages = {40--65},
  number = {1},
  keywords = {p-v coupling, PISO},
  owner = {roberto},
  publisher = {Elsevier},
  timestamp = {2011.11.14}
}

@ARTICLE{iwakiri2006numerical,
  author = {Iwakiri, Yuji and Uchida, Hiroshi},
  title = {Numerical fluid analysis of a variable geometry compressor for use
  in a turbocharger},
  journal = {R\&D Review of Toyota CRDL},
  year = {2006},
  volume = {41},
  pages = {15--21},
  number = {3},
  owner = {roberto},
  timestamp = {2013.09.23}
}

@BOOK{japikse1994introduction,
  title = {{Introduction to turbomachinery}},
  publisher = {Concepts Eti},
  year = {1997},
  editor = {Oxford University Press},
  author = {Japikse, D. and Baines, N. C.}
}

@BOOK{jasak2006numerical,
  title = {Numerical Solution Algorithms for Compressible Flows (Lecture notes)},
  publisher = {Faculty of Mechanical Engineering and Naval Architecture},
  year = {2007},
  editor = {University of Zagreb, Croatia},
  author = {Hrvoje Jasak},
  owner = {roberto},
  timestamp = {2012.10.08}
}

@PHDTHESIS{jasak1996error,
  author = {Jasak, H.},
  title = {{Error Analysis and Estimation for the Finite Volume Method with
  Applications to Fluid Flows}},
  school = {Imperial College of Science, Technology and Medicine},
  year = {1996},
  keywords = {OpenFOAM, error order, convection scheme, non-orthogonal corrector,
  p-v coupling},
  owner = {roberto},
  timestamp = {2011.11.09}
}

@INPROCEEDINGS{jasak2011turboTools,
  author = {Jasak, H. and Beaudoin, M.},
  title = {{OpenFOAM Turbo Tools: From General Purpose CFD to Turbomachinery
  Simulations}},
  booktitle = {ASME-JSME-KSME Joint Fluids Engineering Conference},
  year = {2011},
  number = {AJK2011-05015},
  organization = {ASME},
  owner = {roberto},
  timestamp = {2011.11.06}
}

@ARTICLE{jeon2005numerical,
  author = {Jeon, Wan-Ho},
  title = {A Numerical Study on the Acoustic Characteristics of a Centrifugal
  Impeller with a Splitter},
  journal = {GESTS International Transactions on Computer Science and Engineering},
  year = {2005},
  volume = {20},
  pages = {17--28},
  number = {1},
  owner = {ronagar1},
  timestamp = {2014.04.30}
}

@ARTICLE{jiao2009numerical,
  author = {Jiao, K. and Sun, H. and Li, X. and Wu, H. and Krivitzky, E. and
  Schram, T. and Larosiliere, L.M.},
  title = {{Numerical simulation of air flow through turbocharger compressors
  with dual volute design}},
  journal = {Applied Energy},
  year = {2009},
  volume = {86},
  pages = {2494 - 2506},
  number = {11},
  doi = {10.1016/j.apenergy.2009.02.019},
  issn = {0306-2619},
  keywords = {Turbocharger centrifugal compressor},
  owner = {roberto},
  timestamp = {2012.08.01}
}

@ARTICLE{jones1972prediction,
  author = {Jones, WP and Launder, B.E.},
  title = {{The prediction of laminarization with a two-equation model of turbulence}},
  journal = {{International Journal of Heat and Mass Transfer}},
  year = {1972},
  volume = {15},
  pages = {301--314},
  number = {2},
  publisher = {Elsevier},
}

@ARTICLE{jung2012effects,
  author = {Jung, Yohan and Choi, Minsuk and Oh, Seonghwan and Baek, Jehyun},
  title = {Effects of a Nonuniform Tip Clearance Profile on the Performance
  and Flow Field in a Centrifugal Compressor},
  journal = {International Journal of Rotating Machinery},
  year = {2012},
  volume = {2012},
  comment = {reviewed},
  doi = {10.1155/2012/340439},
  owner = {roberto},
  publisher = {Hindawi Publishing Corporation}
}

@PHDTHESIS{karrholm2008numerical,
  author = {K{\"a}rrholm, F. P.},
  title = {{Numerical Modelling of Diesel Spray Injection, Turbulence Interaction
  and Combustion}},
  year = {2008},
  owner = {roberto},
  publisher = {Chalmers University of Technology},
  timestamp = {2012.09.07}
}

@ARTICLE{kalpakli2013vortical,
  author = {A. Kalpakli and R. \"Orl\"u and P.H. Alfredsson},
  title = {Vortical patterns in turbulent flow downstream a 90\textsuperscript{o} curved
  pipe at high Womersley numbers},
  journal = {International Journal of Heat and Fluid Flow },
  year = {2013},
  volume = {44},
  pages = {692 - 699},
  doi = {10.1016/j.ijheatfluidflow.2013.09.008},
  keywords = {Turbulent flow; Pulsatile flow; Curved pipe; Stereoscopic particle
  image velocimetry; Proper orthogonal decomposition},
  owner = {Roberto},
  timestamp = {2014.03.17}
}

@ARTICLE{karim2013computational,
  author = {Karim, Ahsanul and Miazgowicz, Keith and Lizotte, Brian and Zouani,
  Abdelkrim},
  title = {Computational Aero-Acoustics Simulation of Compressor Whoosh Noise
  in AUtomotive Turbochargers},
  journal = {SAE Technical Paper},
  year = {2013},
  number = {2013-01-1880},
  comment = {reviewed, printed with annotations, questionable explanations},
  doi = {10.4271/2013-01-1880},
  keywords = {whoosh noise, CFD simulation, experimental validation, LES, StarCCM+},
  owner = {roberto},
  publisher = {SAE International}
}

@INPROCEEDINGS{kawakubo2010unsteady,
  author = {Kawakubo, T.},
  title = {{Unsteady Rotor-Stator Interaction of a Radial-Inflow Turbine With
  Variable Nozzle Vanes}},
  booktitle = {Proceedings of ASME Turbo Expo 2010: Power for Land, Sea and Air},
  year = {2010},
  organization = {ASME}
}

@ARTICLE{knecht2008diesel,
  author = {Knecht, W.},
  title = {Diesel engine development in view of reduced emission standards},
  journal = {Energy},
  year = {2008},
  volume = {33},
  pages = {264--271},
  number = {2},
  owner = {ronagar1},
  publisher = {Elsevier},
  timestamp = {2014.02.03}
}

@ARTICLE{korakianitis2011design,
  author = {Korakianitis, T. and Hamakhan, IA and Rezaienia, MA and Wheeler,
  APS and Avital, EJ and Williams, JJR},
  title = {{Design of high-efficiency turbomachinery blades for energy conversion
  devices with the three-dimensional prescribed surface curvature distribution
  blade design (CIRCLE) method}},
  journal = {Applied Energy},
  year = {2012},
  volume = {89},
  pages = {215-227},
  publisher = {Elsevier}
}

@ARTICLE{kreuz2000numerical,
  author = {Kreuz-Ihli, T. and Filsinger, D. and Schulz, A. and Wittig, S.},
  title = {{Numerical and experimental study of unsteady flow field and vibration
  in radial inflow turbines}},
  journal = {Journal of Turbomachinery},
  year = {2000},
  volume = {122},
  pages = {247-254}
}

@TECHREPORT{krivitzky2012aero,
  author = {Krivitzky, E. and Larosiliere, L.},
  title = {Aero Design Challenges in Wide-Operability Turbocharger Centrifugal
  Compressors},
  institution = {SAE Technical Paper},
  year = {2012},
  number = {2012-01-0710},
  doi = {10.4271/2012-01-0710},
  owner = {roberto},
  timestamp = {2013.09.23}
}

@INPROCEEDINGS{lam2002flow,
  author = {Lam, J. K. W. and Roberts, Q. D. H. and McDonnell, G. T.},
  title = {{Flow modelling of a turbocharger turbine under pulsating flow}},
  booktitle = {{ImechE Conference Transactions from $7^{th}$ International Conference
  on Turbochargers and Turbocharging}},
  year = {2002},
  pages = {14--15}
}

@PHDTHESIS{lang2011contribucion,
  author = {Lang, R.},
  title = {{Contribuci{\'o}n a la Mejora del Margen de Bombeo en Compresores Centr{\'i}fugos de Sobrealimentaci{\'o}n}},
  school = {Universitat Polit\`ecnica de Val\`encia},
  year = {2011},
  owner = {roberto},
  timestamp = {2012.07.29},
  doi = {10.4995/Thesis/10251/12331}
}

@ARTICLE{lee2009design,
  author = {Lee, I. and Selamet, A. and Kim, H. and Kim, T. and Kim, J.},
  title = {{Design of a Multi-Chamber Silencer for Turbocharger Noise}},
  journal = {SAE Int. J. of Passeng. Cars-Mech. Syst.},
  year = {2009},
  volume = {2},
  pages = {1339--1344},
  number = {1},
  doi = {10.4271/2009-01-2048},
  owner = {roberto},
  publisher = {SAE International},
  timestamp = {2013.10.16}
}

@ARTICLE{lee2008design,
  author = {Lee, K. S. and Kim, K. Y. and Samad, A.},
  title = {{Design optimization of low-speed axial flow fan blade with three-dimensional
  RANS analysis}},
  journal = {Journal of mechanical science and technology},
  year = {2008},
  volume = {22},
  pages = {1864--1869},
  number = {10},
  publisher = {Springer}
}

@ARTICLE{lee2011control,
  author = {Lee, Y. and Lee, D. and So, Y. and Chung, D.},
  title = {{Control of Airflow Noise From Diesel Engine Turbocharger}},
  year = {2011},
  number = {2011-01-0933},
  doi = {10.4271/2011-01-0933},
  journal = {SAE Technical Paper}
}

@ARTICLE{li2009fluid,
  author = {Li, H.},
  title = {{Fluid flow analysis of a single-stage centrifugal fan with a ported
  diffuser}},
  journal = {Engineering Applications of Computational Fluid Mechanics},
  year = {2009},
  volume = {3},
  pages = {147--163}
}

@ARTICLE{liskiewicz2014identification,
  author = {G. Li\'skiewicz and L. Horodko and M. Stickland and W. Kry\l{}\l{}owicz},
  title = {Identification of phenomena preceding blower surge by means of pressure
  spectral maps },
  journal = {Experimental Thermal and Fluid Science },
  year = {2014},
  volume = {54},
  pages = {267--278},
  doi = {10.1016/j.expthermflusci.2014.01.002},
  keywords = {Compressor; Blower; Surge; Rotating stall; CFD; Spectral map},
  owner = {Roberto}
}

@ARTICLE{lindquist2010spectral,
  author = {Lindquist, J. M. and Neta, B. and Giraldo, F. X.},
  title = {{A spectral element solution of the Klein-Gordon equation with high-order
  treatment of time and non-reflecting boundary}},
  journal = {Wave Motion},
  year = {2010},
  volume = {47},
  pages = {289--298},
  number = {5},
  publisher = {Elsevier},
}

@ARTICLE{liu2010nonreflecting,
  author = {Liu, Q. and Vasilyev, O. V.},
  title = {{Nonreflecting boundary conditions based on nonlinear multidimensional
  characteristics}},
  journal = {International Journal for Numerical Methods in Fluids},
  year = {2010},
  volume = {62},
  pages = {24-55},
  number = {1},
  issn = {1097-0363},
  publisher = {Wiley Online Library}
}

@INPROCEEDINGS{liu2000issues,
  author = {Liu, Z. and Hill, D.L.},
  title = {{Issues surrounding multiple frames of reference models for turbo
  compressor applications}},
  booktitle = {Fifteenth International Compressor Engineering Conference},
  year = {2000},
  organization = {Purdue University}
}

@ARTICLE{liu2013nature,
  author = {Liu, ZhengXian and Ping, Yan and Zangeneh, Mehrdad},
  title = {On the nature of tip clearance flow in subsonic centrifugal impellers},
  journal = {Science China Technological Sciences},
  year = {2013},
  volume = {56},
  pages = {2170-2177},
  number = {9},
  
  doi = {10.1007/s11431-013-5313-3},
  issn = {1674-7321},
  keywords = {centrifugal impeller; tip clearance; subsonic flow; numerical simulation;
  blade loading},
  language = {English},
  owner = {ronagar1},
  publisher = {Springer Berlin Heidelberg},
  timestamp = {2014.03.29}
}

@ARTICLE{lujan2002test,
  author = {Luj{\'a}n, J. and Berm{\'u}dez, V. and Serrano, J. R. and Cervell{\'o},
  C.},
  title = {Test bench for turbocharger groups characterization},
  journal = {SAE Technical Paper},
  year = {2002},
  number = {2002-01-0163},
  doi = {10.4271/2002-01-0163},
  owner = {ronagar1},
  publisher = {View Document},
  timestamp = {2014.02.03}
}

@ARTICLE{lujan02turbo,
  author = {Luj\'an, J. M. and Berm\'udez, V. and Serrano, J. R. and Cervell\'o,
  C.},
  title = {{Test bench for turbocharger groups characterization}},
  journal = {SAE Paper},
  year = {2002},
  volume = {2002-01-0163}
}

@PHDTHESIS{mangani2008development,
  author = {Mangani, L.},
  title = {{Development and Validation of an Object Oriented CFD Solver for
  Heat Transfer and Combustion Modeling in Turbomachinery Applications}},
  school = {Universit{\`a} degli Studi di Firenze},
  year = {2008},
  keywords = {turbomachinery, OpenFOAM, heat transfer, implicit UR, compressible
  flow},
  owner = {roberto},
  timestamp = {2011.11.09}
}

@INPROCEEDINGS{mangani2007development,
  author = {Mangani, L. and Bianchini, C. and Andreini, A. and Facchini, B.},
  title = {{Development and validation of a C++ object oriented CFD code for
  heat transfer analysis}},
  booktitle = {ASME-JSME 2007 Thermal Engineering and Summer Heat Transfer Converence},
  year = {2007},
  owner = {roberto},
  timestamp = {2012.09.13}
}

@ARTICLE{marelli2010steady,
  author = {Marelli, S. and Capobianco, M.},
  title = {{Steady and pulsating flow efficiency of a waste-gated turbocharger
  radial flow turbine for automotive application}},
  journal = {Energy},
  year = {2011},
  volume = {36},
  pages = {459-465},
  issn = {0360-5442},
  keywords = {Turbocharging
  
  Radial flow turbine
  
  Efficiency
  
  Waste-gate valve
  
  Unsteady flow
  
  Experimental},
  owner = {pablo},
  publisher = {Elsevier},
}

@article{margot2008combination,
  author = {Margot, X. and Gil, A. and Tiseira, A. and Lang, R.},
  title = {{Combination of CFD and Experimental Techniques to Investigate the Flow in Centrifugal Compressors Near the Surge Line}},
  journal = {SAE Technical Paper Series},
  volume = {2008-01-0300},
  year = {2008},
  doi = {10.4271/2008-01-0300}
}

@INPROCEEDINGS{mendonca2012simulation,
  author = {Mendon\c{c}a, F. and Baris, O. and Capon, G.},
  title = {{Simulation of Radial Compressor Aeroacoustics using CFD}},
  booktitle = {Proceedings of ASME Turbo Expo 2012},
  year = {2012},
  number = {GT2012-70028},
  pages = {1823-1832},
  organization = {ASME},
  doi = {10.1115/GT2012-70028},
  owner = {roberto},
  timestamp = {2012.07.31}
}

@ARTICLE{mendonca2010efficient,
  author = {Mendon\c{c}a, F. and Read, A. and Imada, F. and Girardi, V.},
  title = {{Efficient CFD Simulation Process for Aeroacoustic Driven Design}},
  journal = {SAE Technical Paper},
  year = {2010},
  number = {2010-36-0545},
  doi = {10.4271/2010-36-0545},
  owner = {ronagar1},
  timestamp = {2014.03.12}
}

@ARTICLE{menter1992influence,
  author = {Menter, FR},
  title = {{Influence of freestream values on k-omega turbulence model predictions}},
  journal = {AIAA journal},
  year = {1992},
  volume = {30},
  pages = {1657--1659}
}

@ARTICLE{menter1994two,
  author = {Menter, F. R.},
  title = {{Two-equation eddy-viscosity turbulence models for engineering applications}},
  journal = {AIAA journal},
  year = {1994},
  volume = {32},
  pages = {1598--1605},
  number = {8},
  publisher = {American Institute of Aeronautics and Astronautics}
}

@ARTICLE{menter2003ten,
  author = {Menter, F. R. and Kuntz, M. and Langtry, R.},
  title = {{Ten years of industrial experience with the SST turbulence model}},
  journal = {Turbulence, heat and mass transfer},
  year = {2003},
  volume = {4},
  pages = {625--632},
  publisher = {Begell House, Inc}
}

@INPROCEEDINGS{menter2004cfd,
  author = {Menter, F. R. and Langtry, R. and Hansen, T.},
  title = {{CFD simulation of turbomachinery flows--verification, validation
  and modeling}},
  booktitle = {European Congress on Computational Methods in Applied Sciences and
  Engineering, ECCOMAS},
  year = {2004}
}

@ARTICLE{min2007under,
  author = {Min, C. H. and Tao, W. Q.},
  title = {{An Under-Relaxation Factor Control Method for Accelerating the Iteration
  Convergence of Flow Field Simulation}},
  journal = {Engineering Computations},
  year = {2007},
  volume = {24},
  pages = {793--813},
  number = {8},
  keywords = {Simulation, Flow, Iterative methods, p-v coupling, under-relaxation},
  owner = {roberto},
  publisher = {Emerald Group Publishing Limited},
  timestamp = {2011.11.11}
}

@BOOK{Diesel_Handbook,
  title = {{Handbook of Diesel Engines}},
  publisher = {Springer},
  year = {2010},
  author = {Mollenhauer, K. and Tschoeke, H.},
  owner = {pablo},
  timestamp = {2012.04.17}
}

@ARTICLE{mongeau1995method,
  author = {L. Mongeau and D.E. Thompson and D.K. Mclaughlin},
  title = {A method for characterizing aerodynamic sound sources in turbomachines},
  journal = {Journal of Sound and Vibration },
  year = {1995},
  volume = {181},
  pages = {369--389},
  number = {3},
  doi = {10.1006/jsvi.1995.0146},
  owner = {ronagar1},
  timestamp = {2014.05.02}
}

@ARTICLE{mongeau1993sound,
  author = {L. Mongeau and D.E. Thompson and D.K. McLaughlin},
  title = {Sound Generation by Rotating Stall in Centrifugal Turbomachines },
  journal = {Journal of Sound and Vibration },
  year = {1993},
  volume = {163},
  pages = {1 - 30},
  number = {1},
  doi = {10.1006/jsvi.1993.1145},
  owner = {ronagar1},
  timestamp = {2014.05.02}
}

@ARTICLE{montenegro2009modeling,
  author = {Montenegro, G. and Onorati, A.},
  title = {{Modeling of Silencers for IC Engine Intake and Exhaust Systems by
  Means of an Integrated 1D-multiD Approach}},
  journal = {SAE International Journal of Engines},
  year = {2009},
  volume = {1},
  pages = {466},
  number = {1},
  doi = {10.4271/2008-01-0677},
  publisher = {SAE International}
}

@TECHREPORT{montenegro2007integrated,
  author = {Montenegro, G. and Onorati, A. and Piscaglia, F. and D'Errico, G.},
  title = {{Integrated 1D-Multi-D Fluid Dynamic Models for the Simulation of
  ICE Intake and Exhaust Systems}},
  institution = {SAE Technical Paper Series},
  year = {2007},
  number = {2007-01-0495},
  doi = {10.4271/2007-01-0495},
  publisher = {SAE International}
}

@ARTICLE{moore2011techniques,
  author = {Moore, Peter and Lorenzoni, Valerio and Scarano, Fulvio},
  title = {{Two techniques for PIV-based aeroacoustic prediction and their application
  to a rod-airfoil experiment}},
  journal = {Experiments in Fluids},
  year = {2011},
  volume = {50},
  pages = {877--885},
  number = {4},
  doi = {10.1007/s00348-010-0932-y},
  owner = {ronagar1},
  publisher = {Springer-Verlag},
  timestamp = {2014.05.18}
}

@ARTICLE{salva,
  author = {Mor{\'i}{\~n}igo, J. A. and Salv{\'a}, J. J.},
  title = {{Robust non-reflecting boundary conditions for the simulation of
  rocket nozzle flow}},
  journal = {Aerospace Science and Technology},
  year = {2010},
  volume = {14},
  pages = {429-441},
  issn = {1270-9638},
  publisher = {Elsevier}
}

@MASTERSTHESIS{moradnia2010cfd,
  author = {Moradnia, P.},
  title = {{CFD of Air Flow in Hydro Power Generators}},
  school = {Chalmers University of Technology},
  year = {2010},
  note = {Supervisor: H. Nilsson},
  institution = {Chalmers University of Technology},
  keywords = {CFD, Generator, OpenFOAM, Launder-Sharma k-? ,MultipleReferenceFrame,
  turbulence models},
  owner = {roberto},
  publisher = {Chalmers University of Technology,},
  timestamp = {2011.11.14}
}

@ARTICLE{morfey1971sound,
  author = {C. L. Morfey},
  title = {Sound transmission and generation in ducts with flow},
  journal = {Journal of Sound and Vibration},
  year = {1971},
  volume = {14},
  pages = {37--55},
  number = {1},
  owner = {roberto},
  publisher = {Elsevier},
  doi = {10.1016/0022-460X(71)90506-2},
  timestamp = {2013.10.16}
}

@BOOK{moustapha2003axial,
  title = {{Axial and radial turbines}},
  publisher = {Concepts NREC},
  year = {2003},
  author = {Moustapha, H. and Zelesky, M. F. and Baines, N. C. and Japikse, D.}
}

@CONFERENCE{Descomposicion,
  author = {Mucklow, G. F. and Wilson, A. J.},
  title = {{Wave-action in gases: the attenuation and reflection of compression
  waves propagated in pipes}},
  booktitle = {Proc. I. Mech. Eng.},
  year = {1955},
  pages = {69--80},
}

@BOOK{munjal1987acoustics,
  title = {{Acoustics of ducts and mufflers with application to exhaust and
  ventilation system design}},
  publisher = {Wiley-Interscience},
  year = {1987},
  author = {Munjal, M. L.},
  isbn = {0471847380}
}

@INPROCEEDINGS{muntean2005numericalPart2,
  author = {Muntean, S. and Bunti{\'c}, I. and Ruprecht, A. and Susan-Resiga,
  R.},
  title = {{A Numerical Investigation of the 3D Swirling Flow in a Pipe with
  Constant Diameter. Part 2: Turbulent Computation}},
  booktitle = {Proceedings of the Workshop on Vortex Dominated Flows-Achievements
  and Open Problems, June},
  year = {2005},
  pages = {10},
  organization = {Timisoara, Romania},
  keywords = {swirling flows, 3D, turbulent, ERCOFTAC, helicity},
  owner = {roberto},
  timestamp = {2011.11.09}
}

@INPROCEEDINGS{muntean20093d,
  author = {Muntean, S. and Nilsson, H. and Susan-Resiga, R. F.},
  title = {{3D numerical analysis of the unsteady turbulent swirling flow in
  a conical diffuser using Fluent and OpenFOAM}},
  booktitle = {3rd IAHRWG Meeting, Brno},
  year = {2009},
  pages = {10},
  keywords = {OpenFOAM, FLUENT, unsteady turbulent swirling flow, conical diffuser,
  precessing vortex rope, numerical simulation},
  owner = {roberto},
  timestamp = {2011.11.09}
}

@INPROCEEDINGS{muntean2005numericalPart1,
  author = {Muntean, S. and Ruprecht, A. and Susan-Resiga, R.},
  title = {{A Numerical Investigation of the 3D Swirling Flow in a Pipe with
  Constant Diameter. Part 1: Inviscid Computation}},
  booktitle = {Proceedings of the Workshop on Vortex Dominated Flows-Achievements
  and Open Problems},
  year = {2005},
  pages = {77-86 (10)},
  organization = {Timisoara, Romania},
  keywords = {swirling flows, 3D, inviscid, ERCOFTAC,},
  owner = {roberto},
  timestamp = {2011.11.09}
}

@INPROCEEDINGS{numerical2000nilsson,
  author = {Nilsson, H. and Davidson, L.},
  title = {A numerical comparison of four operating conditions in a Kaplan water
  turbine, focusing on tip clearance flow},
  booktitle = {Proceedings of the 20th IAHR Symposium, Hydraulic Machinery and Cavitation},
  year = {2000},
  owner = {roberto},
  timestamp = {2012.09.06}
}

@ELECTRONIC{ERCOFTACConicalDiffuserWiki,
  author = {H\"akan Nilsson and Maryse Page},
  title = {{The ERCOFTAC conical diffuser case-study}},
  url = {http://openfoamwiki.net/index.php/Sig_Turbomachinery_/_ERCOFTAC_conical_diffuser},
  owner = {roberto},
  timestamp = {2011.11.14}
}

@ARTICLE{nishiyama2011phase,
  author = {Nishiyama, Yumeto and Suzuki, Takayuki and Yonezawa, Koichi and Tanaka,
  Hiroshi and Doerfler, Peter and Tsujimoto, Yoshinobu},
  title = {Phase resonance in a centrifugal compressor},
  journal = {International Journal of Fluid Machinery and Systems},
  year = {2011},
  volume = {4},
  pages = {324--333},
  number = {3},
  doi = {10.5293/IJFMS.2011.4.3.324},
  owner = {ronagar1},
  publisher = {Turbomachinery Society of Japan, Korean Fluid Machinery Association,
  Chinese Society of Engineering},
  timestamp = {2014.05.02}
}

@ARTICLE{nor2008index,
  author = {Nor, M.J.M. and Fouladi, M.H. and Nahvi, H. and Ariffin, A.K.},
  title = {Index for vehicle acoustical comfort inside a passenger car},
  journal = {Applied Acoustics},
  year = {2008},
  volume = {69},
  pages = {343--353},
  number = {4},
  owner = {ronagar1},
  publisher = {Elsevier},
  DOI = {10.1016/j.apacoust.2006.11.001},
  timestamp = {2014.02.03}
}

@ARTICLE{onorati2006prediction,
  author = {Onorati, A. and Montenegro, G. and D'Errico, G.},
  title = {{Prediction of the Attenuation Characteristics of IC Engine Silencers
  by 1-D and Multi-D Simulation Models}},
  journal = {SAE International Journal of Engines},
  year = {2006},
  volume = {1},
  number = {2006-01-1541},
  doi = {10.4271/2006-01-1541},
  institution = {SAE Technical Paper Series},
  publisher = {SAE International}
}

@MANUAL{programmers1.6openfoam,
  title = {{OpenFoam - The open source CFD toolbox - Programmer's guide}},
  author = {{OpenCFD Limited}},
  year = {2009},
  note = {Version 1.6},
  owner = {roberto},
  timestamp = {2012.03.30}
}

@OTHER{OpenWAM,
  author = {OpenWAM},
  organization = {CMT- Motores T\'ermicos. Universidad Polit\'ecnica de Valencia.},
  url = {http://www.OpenWAM.org}
}

@ARTICLE{vanOudheusden2013piv,
  author = {B W van Oudheusden},
  title = {PIV-based pressure measurement},
  journal = {Measurement Science and Technology},
  year = {2013},
  volume = {24},
  pages = {32pp},
  number = {10},
  doi = {10.1088/0957-0233/21/10/105401},
  owner = {ronagar1},
  timestamp = {2014.05.18}
}

@INPROCEEDINGS{Padzillah2012,
  author = {Padzillah, M.H. and Rajoo S. and Martinez-Botas R.F.},
  title = {{Numerical Assessment of Unsteady Flow Effects on a Nozzled Turbocharger
  Turbine}},
  booktitle = {Proceedings of ASME Turbo Expo 2012},
  year = {2012},
  number = {GT2012-69062}
}

@INPROCEEDINGS{page2007adapting,
  author = {Page, M. and Beaudoin, M.},
  title = {{Adapting OpenFOAM for Turbomachinery Applications}},
  booktitle = {Second OpenFOAM Workshop, Zagreb},
  year = {2007},
  owner = {roberto},
  timestamp = {2012.01.26}
}

@ARTICLE{palfreyman2005pulsating,
  author = {Palfreyman, D. and Martinez-Botas, RF},
  title = {{The pulsating flow field in a mixed flow turbocharger turbine: An
  experimental and computational study}},
  journal = {Journal of Turbomachinery},
  year = {2005},
  volume = {127},
  pages = {144-155}
}

@INPROCEEDINGS{palfreyman2002computational,
  author = {Palfreyman, D. and Martinez-Botas, R. F. and Karamanis, N.},
  title = {{Computational and experimental investigation of the aerodynamics
  of turbocharger mixed-flow turbines}},
  booktitle = {{ImechE Conference Transactions from $7^{th}$ International Conference
  on Turbochargers and Turbocharging}},
  year = {2002},
  pages = {45--59},
  address = {London (UK)},
  abstract = {May}
}

@ARTICLE{passalacqua2011implementation,
  author = {Passalacqua, A. and Fox, R. O.},
  title = {{Implementation of an iterative solution procedure for multi-fluid
  gas-particle flow models on unstructured grids}},
  journal = {Powder Technology},
  year = {2011},
  volume = {213},
  pages = {174-187},
  doi = {10.1016/j.powtec.2011.07.030},
  owner = {roberto},
  publisher = {Elsevier},
  timestamp = {2012.01.23}
}

@INPROCEEDINGS{Pastor2012_simposium,
  author = {{Pastor, J V. and Serrano, J and Dolz, V and L\'opez, M A.}},
  title = {{A Non-invasive Optical Technique to Observe Turbocharger Shaft Whirl}},
  booktitle = {XXI Biennial Symposium on Measuring Techniques in Turbomachinery},
  year = {2012},
  note = {ISBN: 978-84-8363-966-5},
  owner = {milpehi},
  timestamp = {2013.05.21}
}

@ARTICLE{Pastor2012_techniques,
  author = {{Pastor, J V. and Serrano, J R. and Dolz, V. and L\'opez, M A. and
  Bouffaud, F.}},
  title = {Study of turbocharger shaft motion by means of non-invasive optical
  techniques: Application to the behaviour analysis in turbocharger
  lubrication failures},
  journal = {Mechanical Systems and Signal Processing},
  year = {2012},
  volume = {32},
  pages = {292-305},
  doi = {10.1016/j.ymssp.2012.04.020},
  owner = {milpehi},
  timestamp = {2013.01.30}
}

@BOOK{patankar1980numerical,
  title = {{Numerical heat transfer and fluid flow}},
  publisher = {Hemisphere Pub},
  year = {1980},
  author = {Patankar, S.V.},
  owner = {roberto},
  timestamp = {2012.03.22}
}

@ARTICLE{patankar1972calculation,
  author = {Patankar, S. V. and Spalding, D. B.},
  title = {{A calculation procedure for heat, mass and momentum transfer in
  three-dimensional parabolic flows}},
  journal = {International Journal of Heat and Mass Transfer},
  year = {1972},
  volume = {15},
  pages = {1787--1806},
  number = {10},
  keywords = {p-v coupling, SIMPLE},
  owner = {roberto},
  publisher = {Elsevier},
  timestamp = {2011.11.14}
}

@TECHREPORT{FEM_acoustic,
  author = {Patil, A. R. and Sajanpawar, P. R. and Masurekar, V. V.},
  title = {{Acoustic Three-Dimensional Finite Element Analysis of a Muffler}},
  institution = {SAE Technical Paper Series},
  year = {1996},
  number = {960189},
  journal = {SAE International Journal of Engines},
  owner = {pablo},
  timestamp = {2010.12.22}
}

@ARTICLE{pavesi2008time,
  author = {Pavesi, G and Cavazzini, G and Ardizzon, G},
  title = {{Time-Frequency Characterization of Rotating Instabilities in a Centrifugal
  Pump with a Vaned Diffuser}},
  journal = {International Journal of Rotating Machinery},
  year = {2008},
  volume = {2008},
  pages = {10},
  doi = {10.1155/2008/202179},
  owner = {ronagar1},
  publisher = {Hindawi Publishing Corporation},
  timestamp = {2014.05.02}
}

@ARTICLE{payri2000modified,
  Title = {Modified impulse method for the measurement of the frequency response of acoustic filters to weakly nonlinear transient excitations},
  Author = {Payri, F and Desantes, J M and Broatch, A},
  doi = {10.1121/1.428256},
  number = {2},
  volume = {107},
  year = {2000},
  journal = {Journal of the Acoustical Society of America},
  ISSN = {0001-4966},
  pages = {731--738}
}

@ARTICLE{payri1995acoustic,
  author = {Payri, F. and Desantes, J. M. and Torregrosa, A. J.},
  title = {{Acoustic boundary condition for unsteady one-dimensional flow calculations}},
  journal = {Journal of Sound and Vibration},
  year = {1995},
  volume = {188},
  pages = {85--110},
  number = {1},
  issn = {0022-460X},
  publisher = {Elsevier},
  doi = {10.1006/jsvi.1995.0580}
}

@ARTICLE{payri2004analysis,
  author = {Payri, F. and Galindo, J. and Serrano, J. R. and Arnau, F. J.},
  title = {{Analysis of numerical methods to solve one-dimensional fluid-dynamic
  governing equations under impulsive flow in tapered ducts}},
  journal = {International Journal of Mechanical Sciences},
  year = {2004},
  volume = {46},
  pages = {981--1004},
  number = {7},
  publisher = {Elsevier}
}

@INPROCEEDINGS{Payri2011Experimental,
  author = {F. Payri and J. Galindo and J. R. Serrano and M. A. Reyes-Belmonte},
  title = {{Experimental methodology to a comprehensive characterization of
  automotive turbochargers}},
  booktitle = {EAEC2011-A17},
  year = {2011},
  address = {Valencia},
  owner = {pablo},
  timestamp = {2011.11.17}
}

@ARTICLE{Payri2011methodology,
  author = {F. Payri and J. R. Serrano and P. Fajardo and M. A. Reyes-Belmonte
  and R. Gozalbo-Belles},
  title = {{A physically based methodology to extrapolate performance maps of
  radial turbines}},
  journal = {Energy Conversion and Management},
  year = {2012},
  volume = {55},
  pages = {149--163},
  owner = {pablo}
}

@ARTICLE{peat2006investigation,
  author = {Peat, K. S. and Torregrosa, A. J. and Broatch, A. and Fern{\'a}ndez,
  T.},
  title = {{An investigation into the passive acoustic effect of the turbine
  in an automotive turbocharger}},
  journal = {Journal of Sound and Vibration},
  year = {2006},
  volume = {295},
  pages = {60--75},
  number = {1-2},
  owner = {roberto},
  publisher = {Elsevier},
  timestamp = {2011.10.09}
}

@INPROCEEDINGS{pecnik2011uncertainty,
  author = {Pecnik, R. and Witteveen, J. A. S. and Iaccarino, G.},
  title = {{Uncertainty quantification for laminar-turbulent transition prediction
  in RANS turbomachinery applications}},
  booktitle = {{49th AIAA Aerospace Sciences Meeting including the New Horizons
  Forum and Aerospace Exposition}},
  year = {2011},
  number = {AIAA 2011-660},
  abstract = {January}
}

@CONFERENCE{petit2009ercoftac,
  author = {Petit, O. and Page, M. and Beaudoin, M. and Nilsson, H.},
  title = {{The ERCOFTAC Centrifugal Pump OpenFOAM Case-Study}},
  booktitle = {3rd IAHR International Meeting of the Workgroup on Cavitation and
  Dynamic Problems in Hydraulic Machinery and Systems, Brno, Czech
  Republic, October},
  year = {2009},
  volume = {14},
  pages = {16},
  keywords = {CFD, OpenFOAM, Turbomachinery, Frozen rotor, Sliding grid, GGI, ERCOFTAC
  centrifugal pump},
  owner = {Roberto},
  timestamp = {2011.02.01}
}

@ELECTRONIC{ERCOFTACCentrifugalPumpWiki,
  author = {Olivier Petit and Maryse Page and H\"akan Nilsson and Martin Beaudoin},
  title = {{ERCOFTAC centrifugal pump with a vaned diffuser}},
  url = {http://openfoamwiki.net/index.php/Sig_Turbomachinery_/_ERCOFTAC_centrifugal_pump_with_a_vaned_diffuser},
  owner = {roberto},
  timestamp = {2011.11.14}
}

@book{piper2011broadband,
  title={Beamforming narrowband and broadband signals},
  author={Piper, John E},
  year={2011},
  editor = {Nikolai Kolev},
  booktitle = {Sonar Systems},
  publisher={INTECH Open Access Publisher},
  doi = {10.5772/18445}
}

@INPROCEEDINGS{Piscaglia2007,
  author = {Piscaglia, F. and Onorati, A. and Marelli, S. and Capobianco, M.},
  title = {{Unsteady Behavior in Turbocharger Turbines: Experimental Analysis
  and Numerical Simulation}},
  booktitle = {Proceedings of the Eighth International Conference on Engines for
  automobiles},
  year = {2007},
  number = {SAE Paper 2007-24-0081}
}

@INPROCEEDINGS{pitkanen1999time,
  author = {Pitk{\"a}nen, H. and Esa, H. and Sallinen, P. and Larjola, J. and
  Heiska, H. and Siikonen, T.},
  title = {{Time-accurate CFD analysis of a centrifugal compressor}},
  booktitle = {Fourth Intl. Symposium on Experimental and Computational Aerodynamics
  of Internal Flows, Dresden August},
  year = {1999},
  volume = {31},
  pages = {130--139},
  owner = {roberto},
  timestamp = {2012.03.26}
}

@ARTICLE{poinsot1992boundary,
  author = {Poinsot, T. J. and Lele, S. K.},
  title = {{Boundary conditions for direct simulations of compressible viscous
  flows}},
  journal = {Journal of Computational Physics},
  year = {1992},
  volume = {101},
  pages = {104--129},
  number = {1},
  owner = {roberto},
  publisher = {Elsevier},
  timestamp = {2012.01.13}
}

@OTHER{Python,
  author = {Python},
  url = {http://www.python.org}
}

@ARTICLE{qamar2010new,
  author = {Qamar, A. and Hasan, N. and Sanghi, S.},
  title = {{A new spatial discretization strategy of the convective flux term
  for the hyperbolic conservation laws}},
  journal = {Engineering Applications of Computational Fluid Mechanics},
  year = {2010},
  volume = {4},
  pages = {593--611},
  number = {4},
  owner = {roberto},
  timestamp = {2012.01.17}
}

@ARTICLE{raitor2008sound,
  author = {Till Raitor and Wolfgang Neise},
  title = {Sound generation in centrifugal compressors },
  journal = {Journal of Sound and Vibration },
  year = {2008},
  volume = {314},
  pages = {738 - 756},
  doi = {10.1016/j.jsv.2008.01.034},
  issn = {0022-460X},
  owner = {ronagar1}
}

@ARTICLE{rajoo2008variable,
  author = {Rajoo, S. and Botas, R. M.},
  title = {{Variable geometry mixed flow turbine for turbochargers: an experimental
  study}},
  journal = {International Journal of Fluid Machinery and Systems},
  year = {2008},
  volume = {1},
  pages = {155--168},
  number = {1},
  publisher = {Japan Science and Technology Information Aggregator, Electronic}
}

@ARTICLE{rajoo2008mixed,
  author = {Rajoo, S. and Martinez-Botas, R.},
  title = {{Mixed flow turbine research: A Review}},
  journal = {Journal of Turbomachinery},
  year = {2008},
  volume = {130},
  pages = {044001}
}

@INCOLLECTION{vanRennings2012delayed,
  author = {van Rennings, Ruben and Shi, Ke and Fu, Song and Thiele, Frank},
  title = {Delayed-Detached-Eddy Simulation of Near-Stall Axial Compressor Flow
  with Varying Passage Numbers},
  booktitle = {Progress in Hybrid RANS-LES Modelling},
  publisher = {Springer Berlin Heidelberg},
  year = {2012},
  editor = {Fu, Song and Haase, Werner and Peng, Shia-Hui and Schwamborn, Dieter},
  volume = {117},
  series = {Notes on Numerical Fluid Mechanics and Multidisciplinary Design},
  pages = {439--448},
  doi = {10.1007/978-3-642-31818-4_38},
  isbn = {978-3-642-31817-7},
  owner = {ronagar1},
  timestamp = {2014.04.30}
}

@ARTICLE{rhie1983numerical,
  author = {Rhie, CM and Chow, WL},
  title = {Numerical study of the turbulent flow past an airfoil with trailing
  edge separation},
  journal = {AIAA journal},
  year = {1983},
  volume = {21},
  pages = {1525--1532},
  number = {11},
  owner = {roberto},
  publisher = {American Institute of Aeronautics and Astronautics},
  timestamp = {2012.09.07}
}

@ARTICLE{richards2004evaluation,
  author = {Richards, S. K. and Zhang, X. and Chen, X. X. and Nelson, P. A.},
  title = {{The evaluation of non-reflecting boundary conditions for duct acoustic
  computation}},
  journal = {Journal of Sound and Vibration},
  year = {2004},
  volume = {270},
  pages = {539--557},
  number = {3},
  publisher = {Elsevier}
}

@INPROCEEDINGS{robinson2012impeller,
  author = {Robinson, C. and Casey, M. and Hutchinson, B. and Steed, R.},
  title = {{Impeller-diffuser Interaction in Centrifugal Compressors}},
  booktitle = {Proceedings of ASME Turbo Expo 2012},
  year = {2012},
  number = {GT2012-69151},
  organization = {ASME},
  owner = {roberto},
  timestamp = {2012.08.01}
}

@STANDARD{Sae_TEST,
  title = {Supercharching Testing Standards},
  organization = {Engine Power Test Code Committee},
  institution = {SAE},
  author = {SAE},
  number = {J1723-199508},
  year = {1995},
  owner = {pablo},
  timestamp = {2012.03.30}
}

@ARTICLE{salvesen1998non,
  author = {Salvesen, H. C. and Teigland, R.},
  title = {{Non-reflecting boundary conditions applicable to general purpose
  CFD simulators}},
  journal = {International Journal for Numerical Methods in Fluids},
  year = {1998},
  volume = {28},
  pages = {523--540},
  number = {3},
  issn = {1097-0363},
  publisher = {John Wiley \& Sons}
}

@INPROCEEDINGS{santos2010openfoam,
  author = {Santos, J. L. C. and Crespo, J. G. and Geraldes, V.},
  title = {{OpenFOAM simulation of mass transfer in spacer-filled channels}},
  booktitle = {Proceedings of the V European Conference on Computational Fluid Dynamics},
  year = {2010},
  owner = {roberto},
  timestamp = {2012.01.23}
}

@ARTICLE{schleer2008clearance,
  author = {Schleer, Matthias and Song, Seung Jin and Abhari, Reza S},
  title = {Clearance effects on the onset of instability in a centrifugal compressor},
  journal = {Journal of Turbomachinery},
  year = {2008},
  volume = {130},
  pages = {11},
  number = {3},
  doi = {10.1115/1.2776956},
  owner = {Roberto},
  publisher = {American Society of Mechanical Engineers}
}

@ARTICLE{selle2004actual,
  author = {Selle, L. and Nicoud, F. and Poinsot, T.},
  title = {{Actual impedance of non-reflecting boundary conditions: implications
  for computation of resonators}},
  journal = {AIAA journal},
  year = {2004},
  volume = {42},
  pages = {958--964},
  number = {5},
  owner = {roberto},
  timestamp = {2012.01.13}
}

@ARTICLE{semlitsch2014numerical,
  author = {Semlitsch, Bernhard and JyothishKumar, V and Mihaescu, Mihai and
  Fuchs, Laszlo and Gutmark, Ephraim and Gancedo, Matthieu},
  title = {{Numerical Flow Analysis of a Centrifugal Compressor with Ported
  and without Ported Shroud}},
  journal = {SAE Technical Paper},
  year = {2014},
  volume = {2014-01-1655},
  doi = {10.4271/2014-01-1655},
  institution = {SAE Technical Paper},
  owner = {ronagar1},
  timestamp = {2014.05.17}
}

@ARTICLE{serrano2013importance,
  author = {Serrano, Jose and Olmeda, Pablo and Arnau, Francisco and Reyes-Belmonte,
  Miguel and Lefebvre, Alain},
  title = {{Importance of Heat Transfer Phenomena in Small Turbochargers for
  Passenger Car Applications}},
  journal = {SAE International Journal of Engines},
  year = {2013},
  volume = {6},
  pages = {716--728},
  number = {2},
  doi = {10.4271/2013-01-0576},
  owner = {ronagar1},
  publisher = {SAE International},
  timestamp = {2014.05.19}
}

@ARTICLE{serrano2008model,
  author = {Serrano, J. R. and Arnau, F. J. and Dolz, V. and Tiseira, A. and
  Cervell{\'o}, C.},
  title = {{A model of turbocharger radial turbines appropriate to be used in
  zero-and one-dimensional gas dynamics codes for internal combustion
  engines modelling}},
  journal = {Energy Conversion and Management},
  year = {2008},
  volume = {49},
  pages = {3729--3745},
  number = {12},
  publisher = {Elsevier}
}

@ARTICLE{serrano2014procedure,
  author = {Serrano, Jose Ram{\'o}n and Arnau, Francisco Jos{\'e} and Novella,
  Ricardo and Reyes-Belmonte, Miguel {\'A}ngel},
  title = {A Procedure to Achieve 1D Predictive Modeling of Turbochargers under
  Hot and Pulsating Flow Conditions at the Turbine Inlet},
  journal = {SAE Technical Paper},
  year = {2014},
  pages = {13pp},
  number = {2014-01-1080},
  doi = {10.4271/2014-01-1080},
  institution = {SAE Technical Paper},
  owner = {ronagar1},
  timestamp = {2014.05.19}
}

@ARTICLE{serrano20091d,
  author = {Serrano, J. R. and Arnau, F. J. and Piqueras, P. and Onorati, A.
  and Montenegro, G.},
  title = {{1D gas dynamic modelling of mass conservation in engine duct systems
  with thermal contact discontinuities}},
  journal = {{Mathematical and Computer Modelling}},
  year = {2009},
  volume = {49},
  pages = {1078--1088},
  number = {5-6},
  doi = {10.1016/j.mcm.2008.03.015},
  publisher = {Elsevier}
}

@ARTICLE{serrano2013optimization,
  author = {Serrano, Jos{\'e} Ram{\'o}n and Margot, Xandra and Tiseira, Andr{\'e}s
  and Garc{\'i}a-Cuevas, Luis Miguel},
  title = {Optimization of the inlet air line of an automotive turbocharger},
  journal = {International Journal of Engine Research},
  year = {2013},
  volume = {14},
  pages = {92--104},
  number = {1},
  doi = {10.1177/1468087412449085},
  owner = {roberto},
  publisher = {SAGE Publications},
  timestamp = {2013.09.24}
}

@inproceedings{serrano2014methodology,
  title={Methodology to characterize heat transfer phenomena in small automotive turbochargers: Experiments and modelling based analysis},
  author={Serrano, JR and Olmeda, P and Arnau, FJ and Dombrovsky, A and Smith, L},
  booktitle={ASME Turbo Expo 2014: Turbine Technical Conference and Exposition},
  pages={1--13},
  year={2014},
  doi = {10.1115/GT2014-25179},
  organization={American Society of Mechanical Engineers}
}

@INPROCEEDINGS{sevginer2007investigation,
  author = {Sevginer, C. and Arslan, M.O. and Sonmez, N. and Yilmaz, S.I.},
  title = {Investigation of turbocharger related whoosh and air blow noise in
  a diesel powertrain},
  booktitle = {Proceedings of the 36th International Congress and Exposition on
  Noise Control Engineering (INTER-NOISE 2007)},
  year = {2007},
  pages = {476-485},
  affiliation = {Ford OTOSAN A.S., Product Development Dept., Izmit-Golcuk yl. 14.km,
  Ihsaniye 41680 Kocaeli, Turkey},
  comment = {reviewed, printed with comments},
  keywords = {whoosh, experimental measurements,},
  owner = {roberto}
}

@ARTICLE{seybert1988two,
  author = {Seybert, A. F.},
  title = {Two-sensor methods for the measurement of sound intensity and acoustic
  properties in ducts},
  journal = {Journal of the Acoustical Society of America},
  year = {1988},
  volume = {83},
  pages = {2233--2239},
  number = {6},
  doi = {10.1121/1.396352},
  owner = {ronagar1},
  timestamp = {2014.02.03}
}

@INPROCEEDINGS{shaaban2006analysis,
  author = {Shaaban, S. and Seume, J.},
  title = {{Analysis of turbocharger non-adiabatic performance}},
  booktitle = {{$8^{th}$ International Conference on Turbochargers and Turbocharging}},
  year = {2006},
  pages = {119--130},
  comment = {annotations in Serrano's book}
}

@ARTICLE{shum2000impeller,
  author = {{Shum, Yu Kwong Patrick and Cumpsty, N. A. and Tan, C. S.}},
  title = {{Impeller--diffuser interaction in a centrifugal compressor}},
  journal = {Journal of Turbomachinery},
  year = {2000},
  volume = {122},
  pages = {777--786},
  number = {4},
  doi = {10.1115/1.1308570},
  owner = {Roberto},
  publisher = {American Society of Mechanical Engineers},
  timestamp = {2014.03.29}
}

@ARTICLE{shur2008hybrid,
  author = {Mikhail L. Shur and Philippe R. Spalart and Mikhail Kh. Strelets
  and Andrey K. Travin},
  title = {{A hybrid RANS-LES approach with delayed-DES and wall-modelled LES
  capabilities}},
  journal = {International Journal of Heat and Fluid Flow },
  year = {2008},
  volume = {29},
  pages = {1638 - 1649},
  number = {6},
  doi = {10.1016/j.ijheatfluidflow.2008.07.001},
  keywords = {LES; Delayed detached-eddy simulation; Wall modelling in LES},
  owner = {ronagar1},
  timestamp = {2014.03.20}
}

@ARTICLE{simpson2009comparison,
  author = {Simpson, A. T. and Spence, S. W. T. and Watterson, J. K.},
  title = {{A comparison of the flow structures and losses within vaned and
  vaneless stators for radial turbines}},
  journal = {Journal of Turbomachinery},
  year = {2009},
  volume = {131},
  pages = {031010}
}

@INPROCEEDINGS{sivagnanasundaram2012experimental,
  author = {Subenuka Sivagnanasundaram and Stephen Spence and Juliana Early and
  Bahram Nikpour},
  title = {Experimental and numerical analysis of a classical bleed slot system
  for a turbocharger compressor},
  booktitle = {{$10^{th}$ International Conference on Turbochargers and Turbocharging}},
  year = {2012},
  owner = {roberto},
  timestamp = {2013.09.23}
}

@TECHREPORT{skoch2003experimental,
  author = {Skoch, Gary J},
  title = {Experimental investigation of centrifugal compressor stabilization
  techniques},
  institution = {NASA},
  year = {2003},
  number = {NASA/TM-2003-212599},
  owner = {roberto},
  timestamp = {2013.09.24}
}

@ARTICLE{smagorinsky1963general,
  author = {Smagorinsky, J.},
  title = {{General circulation experiments with the primitive equations}},
  journal = {abstractly weather review},
  year = {1963},
  volume = {91},
  pages = {99--164},
  number = {3}
}

@ARTICLE{smirnov2011recent,
  author = {Smirnov, E.M.},
  title = {{Recent Progress in Numerical Simulation of Highly Three-Dimensional
  Turbulent Flows and Endwall Heat Transfer in Turbine Blade Cascades}},
  journal = {Heat Transfer Research},
  year = {2011},
  volume = {42},
  pages = {25--44},
  number = {1},
  publisher = {Begell House Inc.}
}

@INPROCEEDINGS{smirnov2007numerical,
  author = {Smirnov, P.E. and Hansen, T. and Menter, F.R.},
  title = {{Numerical Simulation of Turbulent Flows in Centrifugal Compressor
  Stages With Different Radial Gaps}},
  booktitle = {Proceedings of GT2007},
  year = {2007},
  number = {GT2007-27376},
  publisher = {ASME},
  doi = {10.1115/GT2007-27376},
  owner = {roberto},
  timestamp = {2012.08.02}
}

@ARTICLE{sod1978survey,
  author = {Sod, G. A.},
  title = {{A survey of several finite difference methods for systems of nonlinear
  hyperbolic conservation laws}},
  journal = {Journal of Computational Physics},
  year = {1978},
  volume = {27},
  pages = {1--31},
  number = {1},
  doi = {10.1016/0021-9991(78)90023-2},
  publisher = {Elsevier}
}

@INPROCEEDINGS{soh2003noise,
  author = {Soh, K.Y. and Euo, K.K. and Bae, D.H. and Kang, K.T.},
  title = {Noise reduction in turbocharger system of diesel engines},
  booktitle = {INTER-NOISE and NOISE-CON Congress and Conference Proceedings},
  year = {2003},
  volume = {2003},
  number = {8},
  pages = {155--162},
  organization = {Institute of Noise Control Engineering},
  owner = {ronagar1},
  timestamp = {2014.02.03}
}

@ARTICLE{Takayuki2007_alwheel,
  author = {Takayuki Sotome and Shoichi Sakoda},
  title = {{Development of Manufacturing Technology for Precision Compressor
  Wheel Castings for Turbochargers}},
  journal = {Furukawa Review},
  year = {2007},
  volume = {32},
  pages = {56-59},
  owner = {milpehi},
  timestamp = {2014.03.27},
  url = {https://www.furukawa.co.jp/review/fr032.htm}
}

@ARTICLE{spence2007direct,
  author = {Spence, S. W. T. and Rosborough, R. S. E. and Artt, D. and McCullough,
  G.},
  title = {{A direct performance comparison of vaned and vaneless stators for
  radial turbines}},
  journal = {Journal of Turbomachinery},
  year = {2007},
  volume = {129},
  pages = {53-61}
}

@article{stoffels2003nvh,
  author = {Harald Stoffels and Markus Schroeer},
  title = {{NVH Aspects of a Downsized Turbocharged Gasoline Powertrain with
  Direct Injection}},
  journal = {SAE Technical Paper},
  year = {2003},
  volume = {2003-01-1664},
  doi = {10.4271/2003-01-1664},
  owner = {Roberto},
  timestamp = {2014.02.23}
}

@ARTICLE{storer1991tip,
  author = {Storer, J. A. and Cumpsty, N. A.},
  title = {{Tip Leakage Flow in Axial Compressors}},
  journal = {Journal of Turbomachinery},
  year = {1991},
  volume = {113},
  pages = {252--259},
  number = {2},
  doi = {10.1115/1.2929095},
  owner = {Roberto},
  timestamp = {2014.03.29}
}

@INPROCEEDINGS{strelets2001detached,
  author = {Strelets, M.},
  title = {{Detached eddy simulation of massively separated flows}},
  booktitle = {39th AIAA Aerospace Sciences Meeting and Exhibit},
  year = {2001},
  number = {2001-0879},
  series = {AIAA},
  publisher = {American Institute of Aeronautics \& Astronautics}
}

@TECHREPORT{Janaf,
  author = {Stull, D. R.},
  title = {{JANAF thermochemical tables}},
  institution = {DTIC Document},
  year = {1971}
}

@ARTICLE{tancrez2010turbine,
  author = {Tancrez, M. and Galindo, J. and Guardiola, C. and Fajardo, P. and
  Varnier, O.},
  title = {{Turbine adapted maps for turbocharger engine matching}},
  journal = {Experimental Thermal and Fluid Science},
  year = {2011},
  volume = {35},
  pages = {146--153},
  number = {1},
  doi = {10.1016/j.expthermflusci.2010.07.018},
  publisher = {Elsevier}
}

@INPROCEEDINGS{tanna2010development,
  author = {R. P. Tanna and J. Yin and B. Sirakov and V. Barbarie},
  title = {{Development of ported shroud compressor housing with reduced compressor
  blade pass source acoustic level}},
  booktitle = {{$9^{th}$ International Conference on Turbochargers and Turbocharging}},
  year = {2010},
  owner = {roberto},
  timestamp = {2013.09.23}
}

@ARTICLE{tarn1995computational,
  author = {Tarn, C. K. W.},
  title = {{Computational aeroacoustics: issues and methods}},
  journal = {AIAA Journal},
  year = {1995},
  volume = {33},
  pages = {1788-1796},
  number = {10}
}

@ARTICLE{teng2009investigation,
  author = {Teng, C. and Homco, S.},
  title = {{Investigation of Compressor Whoosh Noise in Automotive Turbochargers}},
  journal = {SAE Int. J. of Passeng. Cars-Mech. Syst.},
  year = {2009},
  volume = {2},
  pages = {1345--1351},
  number = {1},
  doi = {10.4271/2009-01-2053},
  owner = {roberto},
  publisher = {SAE International},
  timestamp = {2012.07.30}
}

@ARTICLE{thakker2005computational,
  author = {Thakker, A. and Hourigan, F.},
  title = {{Computational fluid dynamics analysis of a 0.6 m, 0.6 hub-to-tip
  ratio impulse turbine with fixed guide vanes}},
  journal = {Renewable energy},
  year = {2005},
  volume = {30},
  pages = {1387--1399},
  number = {9},
  publisher = {Elsevier}
}

@ARTICLE{thompson1990time,
  author = {Thompson, K. W.},
  title = {{Time-dependent boundary conditions for hyperbolic systems, II}},
  journal = {Journal of Computational Physics},
  year = {1990},
  volume = {89},
  pages = {439-461},
  number = {2},
  issn = {0021-9991},
  publisher = {Elsevier}
}

@ARTICLE{thompson1987time,
  author = {Thompson, K. W.},
  title = {{Time-dependent boundary conditions for hyperbolic systems}},
  journal = {Journal of Computational Physics},
  year = {1987},
  volume = {68},
  pages = {1-24}
}

@article{tiikoja2011inves,
  author = {Tiikoja, H. and R{\"a}mmal, H. and Abom, M. and Boden, H.},
  title = {Investigations of Automotive Turbocharger Acoustics},
  journal = {SAE International Journal of Engines},
  year = {2011},
  volume = {4},
  pages = {2531--2542},
  number = {2},
  doi = {10.4271/2011-24-0221},
  publisher = {SAE International},
  timestamp = {2014.02.03}
}

@PHDTHESIS{tisiera2008caracterizacion,
  author = {Tiseira, A.},
  title = {Caracterizaci\'on experimental y modelado de bombeo en compresores
  centr\'ifugos de sobrealimentaci\'on},
  school = {Universitat Polit\`ecnica de Val\`encia},
  year = {2008},
  owner = {roberto},
  timestamp = {2012.08.03},
  url = {http://hdl.handle.net/10251/1974}
}

@ARTICLE{tomita2013effect,
  author = {Tomita, I. and Ibaraki, S. and Furukawa, M. and Yamada, K.},
  title = {{The Effect of Tip Leakage Vortex for Operating Range Enhancement
  of Centrifugal Compressor}},
  journal = {Journal of Turbomachinery},
  year = {2013},
  volume = {135},
  pages = {8},
  number = {5},
  comment = {reviewed},
  doi = {10.1115/1.4007894},
  owner = {ronagar1},
  timestamp = {2014.02.24}
}

@INPROCEEDINGS{tomita2012theeffect,
  author = {Tomita, I. and Ibaraki, S. and Furukawa, M. and Yamada, K.},
  title = {{The Effect of Tip Leakage Vortex for Operating Range Enhancement
  of Centrifugal Compressor}},
  booktitle = {Proceedings of ASME Turbo Expo 2012},
  year = {2012},
  number = {GT2012-68947},
  organization = {ASME},
  owner = {roberto},
  timestamp = {2012.08.02}
}

@BOOK{toro1999riemann,
  title = {Riemann solvers and numerical methods for fluid dynamics: a practical
  introduction},
  publisher = {Springer},
  year = {1999},
  author = {Toro, E.F.},
  edition = {$2^{nd}$},
  owner = {roberto},
  timestamp = {2012.10.19}
}

@ARTICLE{torregrosa2005note,
  author = {Torregrosa, AJ and Broatch, A. and Climent, H. and Andres, I.},
  title = {A note on the Strouhal number dependence of the relative importance
  of internal and external flow noise sources in IC engine exhaust
  systems},
  journal = {Journal of Sound and Vibration},
  year = {2005},
  volume = {282},
  pages = {1255--1263},
  number = {3},
  owner = {ronagar1},
  publisher = {Elsevier},
  timestamp = {2014.02.03}
}

@ARTICLE{tousi2008comparison,
  author = {Tousi, A. M. and Tourani, A. and others},
  title = {{Comparison of turbulence methods in CFD analysis of compressible
  flows in radial turbomachines}},
  journal = {Aircraft Engineering and Aerospace Technology: An International Journal},
  year = {2008},
  volume = {80},
  pages = {657--665},
  number = {6},
  publisher = {Emerald Group Publishing Limited}
}

@INPROCEEDINGS{toussaint2003guide,
  author = {TOUSSAINT, Michel and PODEVIN, Pierre},
  title = {GUIDE-VANES UPSTREAM THE IMPELLER OF CENTRIFUGAL COMPRESSOR.},
  booktitle = {5th European Conference on Turbomachinery Fluid Dynamics and Thermodynamics},
  year = {2003},
  pages = {67--74},
  owner = {roberto},
  timestamp = {2013.09.24}
}

@ARTICLE{travin2000detached,
  author = {Travin, Andrei and Shur, Michael and Strelets, Michael and Spalart,
  Philippe},
  title = {Detached-eddy simulations past a circular cylinder},
  journal = {Flow, Turbulence and Combustion},
  year = {2000},
  volume = {63},
  pages = {293--313},
  number = {1-4},
  owner = {roberto},
  publisher = {Springer},
  timestamp = {2013.06.24},
  doi = {10.1023/A:1009901401183}
}

@ARTICLE{Tritthart2007polyhedral,
  author = {Tritthart, M. and Gutknecht, D.},
  title = {{Three-dimensional Simulation of Free-Surface Flows using Polyhedral
  Finite Volumes}},
  journal = {Engineering Applications of Computational Fluid Mechanics},
  year = {2007},
  volume = {1},
  pages = {1--14},
  timestamp = {2012.01.17}
}

@ARTICLE{trochon2001new,
  author = {Trochon, Eric P},
  title = {A new type of silencers for turbocharger noise control},
  journal = {SAE Technical Paper},
  year = {2001},
  volume = {110},
  pages = {1587-1592},
  number = {6},
  doi = {10.4271/2001-01-1436},
  owner = {ronagar1},
  publisher = {Society of Automotive Engineers},
  timestamp = {2014.01.30}
}

@ARTICLE{tsuji2002finite,
  author = {Tsuji, T. and Tsuchiya, T. and Kagawa, Y.},
  title = {{Finite element and boundary element modelling for the acoustic wave
  transmission in mean flow medium}},
  journal = {Journal of Sound and Vibration},
  year = {2002},
  volume = {255},
  pages = {849--866},
  number = {5},
  issn = {0022-460X},
  publisher = {Elsevier},
}

@ARTICLE{tucker2011computation,
  author = {Tucker, P. G.},
  title = {Computation of unsteady turbomachinery flows: Part 2--LES and hybrids},
  journal = {Progress in Aerospace Sciences},
  year = {2011},
  volume = {47},
  pages = {546--569},
  number = {7},
  doi = {10.1016/j.paerosci.2011.07.002},
  owner = {ronagar1},
  publisher = {Elsevier},
  timestamp = {2014.04.30}
}

@MASTERSTHESIS{turunen2011comparison,
  author = {Tuomas Turunen},
  title = {{PISO vs. transient SIMPLE: A Comparison of Two Different Transient
  Solution Algorithms in Incompressible CFD with OpenFOAM and Python}},
  school = {Aalto University},
  year = {2011},
  note = {Supervisor: Gary Marquis, Advisor: Mikko Auvinen},
  keywords = {CFD, PISO, SIMPLE, OpenFOAM},
  owner = {roberto},
  timestamp = {2011.11.14}
}

@ARTICLE{turunen2006measured,
  author = {Turunen-Saaresti, T. and Larjola, J.},
  title = {{Measured and Calculated Unsteady Pressure Field in a Vaneless Diffuser
  of a Centrifugal Compressor}},
  journal = {Unsteady Aerodynamics, Aeroacoustics and Aeroelasticity of Turbomachines},
  year = {2006},
  pages = {493--503},
  owner = {roberto},
  publisher = {Springer},
  timestamp = {2012.03.27}
}

@ARTICLE{ubaldi1996experimental,
  author = {Ubaldi, M. and Zunino, P. and Barigozzi, G. and Cattanei, A.},
  title = {{An experimental investigation of stator induced unsteadiness on
  centrifugal impeller outflow}},
  journal = {Journal of turbomachinery},
  year = {1996},
  volume = {118},
  pages = {41--51},
  doi = {10.1115/1.2836604},
  keywords = {ERCOFTAC, experimental},
  owner = {roberto},
  timestamp = {2011.11.11}
}

@ARTICLE{uchida2006development,
  author = {Hiroshi Uchida and Akinobu Kashimoto and Yuji Iwakiri},
  title = {Development of wide flow range compressor with variable inlet guide
  vane},
  journal = {R\&D Rev. Toyota CRDL},
  year = {2006},
  volume = {41},
  pages = {9--14},
  owner = {roberto},
  timestamp = {2013.09.24}
}

@ARTICLE{uda2011prediction,
  author = {T. Uda and A. Nishikawa and S. Someya and A. Iida},
  title = {Prediction of aeroacoustic sound using the flow field obtained by
  time-resolved particle image velocimetry},
  journal = {Measurement Science and Technology},
  year = {2011},
  volume = {22},
  pages = {10pp},
  number = {7},
  doi = {10.1088/0957-0233/22/7/075402},
  owner = {ronagar1},
  timestamp = {2014.05.18}
}

@ARTICLE{van1988beamforming,
  author = {Van Veen, B.D. and Buckley, K.M.},
  title = {Beamforming: A versatile approach to spatial filtering},
  journal = {ASSP Magazine, IEEE},
  year = {1988},
  volume = {5},
  pages = {4--24},
  number = {2},
  owner = {ronagar1},
  publisher = {IEEE},
  doi = {10.1109/53.665},
  timestamp = {2014.02.03}
}

@ARTICLE{van2000recommendations,
  author = {Van Zante, Dale E and Hathaway, Michael D and Okiishi, Theodore H
  and Strazisar, Anthony J and Wood, Jerry R},
  title = {{Recommendations for Achieving Accurate Numerical Simulation of Tip
  Clearance Flows in Transonic Compressor Rotors}},
  journal = {Journal of turbomachinery},
  year = {2000},
  volume = {122},
  pages = {733--742},
  number = {4},
  doi = {10.1115/1.1314609},
  owner = {Roberto},
  publisher = {American Society of Mechanical Engineers},
  timestamp = {2014.03.29}
}

@PHDTHESIS{verdu2003contribucion,
  author = {Andr{\'e}s, Inmaculada},
  title = {Contribuci{\'o}n al estudio y caracterizaci{\'o}n de la generaci{\'o}n
  de ruido de flujo en el sistema de escape (in Spanish)},
  school = {Universidad Polit{\'e}cnica de Valencia},
  year = {2003},
  owner = {ronagar1},
  doi = {10.4995/Thesis/10251/2622},
  timestamp = {2014.05.20}
}

@BOOK{versteeg2007introduction,
  title = {{An introduction to computational fluid dynamics: the finite volume
  method}},
  publisher = {Prentice Hall},
  year = {2007},
  author = {Versteeg, H. K. and Malalasekera, W.}
}

@MASTERSTHESIS{wuthrich2007simulation,
  author = {W{\"u}thrich, B.},
  title = {{Simulation and Validation of Compressible Flow in Nozzle Geometries
  and Validation of OpenFOAM for this Application}},
  school = {Swiss Federal Insitute of Technology Zurich},
  year = {2007},
  note = {Supervisor: Lee, YJ},
  owner = {roberto},
  timestamp = {2011.11.06}
}

@ARTICLE{wang2007method,
  author = {Wang, B. and Xu, H.},
  title = {{A method based on Riemann problem in tracking multi-material interface
  on unstructured moving grids}},
  journal = {Engineering Applications of Computational Fluid Mechanics},
  year = {2007},
  volume = {1},
  pages = {325--336},
  number = {4},
  owner = {roberto},
  timestamp = {2012.01.17}
}

@ARTICLE{wang2011effect,
  author = {Wang, H-L and Xi, G and Li, J-Y and Yuan, M-J},
  title = {Effect of the tip clearance variation on the performance of a centrifugal
  compressor with considering impeller deformation},
  journal = {Proceedings of the Institution of Mechanical Engineers, Part A: Journal
  of Power and Energy},
  year = {2011},
  volume = {225},
  pages = {1143--1155},
  number = {8},
  doi = {10.1177/0957650911416914},
  keywords = {centrifugal compressor; tip clearance effects; unshrouded impeller;
  deformation},
  owner = {ronagar1},
  publisher = {SAGE Publications}
}

@ARTICLE{welch1967use,
  author = {Welch, Peter},
  title = {The use of fast Fourier transform for the estimation of power spectra:
  a method based on time averaging over short, modified periodograms},
  journal = {Audio and Electroacoustics, IEEE Transactions on},
  year = {1967},
  volume = {15},
  pages = {70--73},
  number = {2},
  owner = {roberto},
  publisher = {IEEE},
  timestamp = {2014.01.27}
}

@INPROCEEDINGS{whitfield2000review,
  author = {Whitfield, A},
  title = {Review of Variable Geometry Techniques Applied to Enhance the Performance
  of Centrifugal Compressors},
  booktitle = {$15^{th}$ International Compressor Engineering Conference},
  year = {2000},
  organization = {Purdue University},
  owner = {roberto},
  timestamp = {2013.09.24}
}

@BOOK{wilcox2006turbulence,
  title = {{Turbulence Modeling for CFD (Hardcover)}},
  publisher = {Dcw Industries, Incorporated; 3rd edition},
  year = {2006},
  author = {Wilcox, D. C.}
}

@BOOK{Libro_rosa,
  title = {{Theory of Engine Manifold Design : Wave Action Methods for IC Engines}},
  publisher = {John Wiley \& Sons},
  year = {2000},
  author = {Winterbone, D. E. and Pearson, R. J.},
  owner = {pablo},
  timestamp = {2011.10.08}
}

@MASTERSTHESIS{xie2010studies,
  author = {Xie, S.},
  title = {{Studies of the ERCOFTAC Centrifugal Pump with OpenFOAM}},
  school = {Chalmers University of Technology},
  year = {2010},
  note = {Supervisor: H. Nilsson},
  keywords = {CFD, OpenFOAM, Turbomachinery, GGI, ERCOFTAC Centrifugal Pump},
  owner = {roberto},
  timestamp = {2011.11.11}
}

@ARTICLE{xu2012meridional,
  author = {C. Xu and R. S. Amano},
  title = {{Meridional Considerations of the Centrifugal Compressor Development}},
  journal = {International Journal of Rotating Machinery},
  year = {2012},
  volume = {2012},
  pages = {11},
  doi = {10.1155/2012/518381},
  owner = {ronagar1}
}

@ARTICLE{yildirim2008sound,
  author = {Y{\i}ld{\i}r{\i}m, {\c{S}}. and Eski, {\.I}.},
  title = {Sound quality analysis of cars using hybrid neural networks},
  journal = {Simulation Modelling Practice and Theory},
  year = {2008},
  volume = {16},
  pages = {410--418},
  number = {4},
  owner = {ronagar1},
  publisher = {Elsevier},
  timestamp = {2014.02.03}
}

@INPROCEEDINGS{yamagata2006prediction,
  author = {Yamagata, A. and Nagai,S., and Nakano,K. and Kawakubo, T.},
  title = {Prediction and measurement of turbocharger compressor wheel temperature},
  booktitle = {{$8^{th}$ International Conference on Turbochargers and Turbocharging}},
  year = {2006},
  organization = {IMechE},
  comment = {skimmed, annotations in Serrano's book},
  keywords = {CHT},
  owner = {roberto},
  timestamp = {2013.06.11}
}

@ARTICLE{yang2010inlet,
  author = {YANG, Ce and CHEN, Shan and LI, Du and YANG, Changmao and WANG, Yidi},
  title = {Inlet recirculation influence to the flow structure of centrifugal
  impeller},
  journal = {Chinese Journal of Mechanical Engineering},
  year = {2010},
  volume = {23},
  pages = {647--654},
  number = {5},
  owner = {roberto},
  timestamp = {2013.09.23}
}

@ARTICLE{bousquet2014analysis,
  author = {Yannick Bousquet and Xavier Carbonneau and Guillaume Dufour and  Nicolas Binder and Isabelle Trebinjac},
  title = {{Analysis of the Unsteady Flow Field in a Centrifugal Compressor
  from Peak Efficiency to Near Stall with Full-Annulus Simulations}},
  journal = {International Journal of Rotating Machinery},
  year = {2014},
  volume = {2014},
  pages = {11},
  comment = {reviewed},
  doi = {10.1155/2014/729629},
  owner = {Roberto}
}

@BOOK{yedidiah1996centrifugal,
  title = {{Centrifugal pump user's guidebook: problems and solutions}},
  publisher = {Kluwer Academic Publishers},
  year = {1996},
  author = {Yedidiah, S.}
}

@PATENT{yin2011low,
  nationality = {United States},
  number = {US 2011/0085902 A1},
  year = {2011},
  yearfiled = {2010},
  author = {YIN, Junfei and TANNA, Romil and PEES, Stephane},
  title = {LOW-NOISE PORTED-SHROUD COMPRESSOR FOR A TURBOCHARGER},
  owner = {roberto},
  timestamp = {2013.09.23}
}

@ARTICLE{zachos2011experimental,
  author = {Zachos, P.K. and Grech, N. and Charnley, B. and Pachidis, V. and
  Singh, R.},
  title = {{Experimental and numerical investigation of a compressor cascade
  at highly negative incidence}},
  journal = {Engineering Applications of Computational Fluid Mechanics},
  year = {2011},
  volume = {5},
  pages = {26-36},
  number = {1}
}

@ARTICLE{zhang2012leading,
  author = {Zhang, W. and Zou, Z. and Ye, J.},
  title = {{Leading-edge redesign of a turbomachinery blade and its effect on
  aerodynamic performance}},
  journal = {Applied Energy},
  year = {2012},
  volume = {Published on-line},
  publisher = {Elsevier}
}

@ARTICLE{zheng2010influence,
  author = {Zheng, X. Q. and Huenteler, J. and Yang, M. Y. and Zhang, Y. J. and
  Bamba, T.},
  title = {Influence of the volute on the flow in a centrifugal compressor of
  a high-pressure ratio turbocharger},
  journal = {Proceedings of the Institution of Mechanical Engineers, Part A: Journal
  of Power and Energy},
  year = {2010},
  volume = {224},
  pages = {1157-1169},
  number = {8},
  doi = {10.1243/09576509JPE968},
  eprint = {http://pia.sagepub.com/content/224/8/1157.full.pdf+html},
  owner = {roberto},
  timestamp = {2012.08.01}
}

@PHDTHESIS{zhenrui2011noise,
  author = {Zhenrui, W.},
  title = {Noise Radiation from Automotive Turbochargers},
  school = {Royal Institute of Technology (KTH)},
  year = {2011},
  owner = {ronagar1},
  timestamp = {2014.02.03}
}

@ARTICLE{zhong1999studies,
  author = {Zhong, Fang-Yuan},
  title = {Studies on the aeroacoustics of turbomachinery},
  journal = {Journal of Thermal Science},
  year = {1999},
  volume = {8},
  pages = {9--22},
  number = {1},
  doi = {10.1007/s11630-999-0019-3},
  issn = {1003-2169},
  keywords = {aeroacoustic similarity; mechanism of acoustic control; inlet turbulence
  and distortion},
  owner = {ronagar1}
}

@BOOK{Libro_motores,
  title = {{Motores de combusti{\'o}n interna alternativos}},
  publisher = {Revert{\'e}},
  year = {2011},
  editor = {Payri, F. and Desantes, J. M.},
  owner = {pablo},
  timestamp = {2012.04.17}
}

@ELECTRONIC{openfoamExtend,
  title = {{OpenFOAM Extend Project}},
  url = {http://sourceforge.net/projects/openfoam-extend/},
  owner = {roberto},
  timestamp = {2012.09.13}
}

@ELECTRONIC{openfoamStandard,
  title = {{OpenFOAM}},
  url = {http://www.openfoam.com/},
  owner = {roberto},
  timestamp = {2012.10.19}
}

@MANUAL{starccm,
  title = {STAR-CCM+},
  organization = {CD-Adapco},
  version = {Release 8.04},
  year = {2013},
  url = {http://www.cd-adapco.com}
}

@MANUAL{fluent.inc,
  title = {{FLUENT 6.3 Getting Started Guide}},
  organization = {FLUENT Inc.},
  year = {2006}
}